"match_id","slam","year","ElapsedTime","PointNumber","player1","player2","Speed_MPH","ServeNumber","PointServer","PointWinner","ServeWidth","ServeDepth","RallyCount","GameNo","P1DistanceRun","P2DistanceRun","serving_player_won","speed_ratio","player1_name","player2_name","player1_avg_welo","player2_avg_welo","ElapsedSeconds"
"2021-wimbledon-1109","wimbledon",2021,"0:00:00",1,"Diego Schwartzman","Benoit Paire",85,2,1,1,"BC","CTL",1,1,22.741,20.598,0,0.827110205928943,"schwartzman d.","paire b.",1500,1500,0
"2021-wimbledon-1109","wimbledon",2021,"0:00:36",2,"Diego Schwartzman","Benoit Paire",102,1,1,1,"C","NCTL",1,1,12.179,16.665,1,0.992532247114732,"schwartzman d.","paire b.",1500,1500,36
"2021-wimbledon-1109","wimbledon",2021,"0:00:52",3,"Diego Schwartzman","Benoit Paire",110,1,1,1,"BC","CTL",3,1,19.943,20.787,1,1.0703779135551,"schwartzman d.","paire b.",1500,1500,52
"2021-wimbledon-1109","wimbledon",2021,"0:01:11",4,"Diego Schwartzman","Benoit Paire",85,2,1,1,"BW","NCTL",1,1,15.542,15.249,0,0.827110205928943,"schwartzman d.","paire b.",1500,1500,71
"2021-wimbledon-1109","wimbledon",2021,"0:02:26",6,"Diego Schwartzman","Benoit Paire",119,1,2,2,"W","CTL",1,2,15.5,11.903,0,1.02451806101441,"schwartzman d.","paire b.",1500,1500,146
"2021-wimbledon-1109","wimbledon",2021,"0:02:41",7,"Diego Schwartzman","Benoit Paire",123,1,2,2,"C","CTL",1,2,14.248,11.37,0,1.05895564289725,"schwartzman d.","paire b.",1500,1500,161
"2021-wimbledon-1109","wimbledon",2021,"0:03:09",8,"Diego Schwartzman","Benoit Paire",120,1,2,2,"W","NCTL",1,2,15.386,11.785,0,1.03312745648512,"schwartzman d.","paire b.",1500,1500,189
"2021-wimbledon-1109","wimbledon",2021,"0:03:49",10,"Diego Schwartzman","Benoit Paire",83,2,1,1,"BC","NCTL",11,3,46.981,47.563,0,0.80764878931885,"schwartzman d.","paire b.",1500,1500,229
"2021-wimbledon-1109","wimbledon",2021,"0:04:33",11,"Diego Schwartzman","Benoit Paire",81,2,1,2,"BC","NCTL",4,3,22.856,30.53,1,0.788187372708758,"schwartzman d.","paire b.",1500,1500,273
"2021-wimbledon-1109","wimbledon",2021,"0:05:10",12,"Diego Schwartzman","Benoit Paire",102,1,1,1,"W","CTL",1,3,12.497,15.572,1,0.992532247114732,"schwartzman d.","paire b.",1500,1500,310
"2021-wimbledon-1109","wimbledon",2021,"0:05:29",13,"Diego Schwartzman","Benoit Paire",108,1,1,1,"BC","NCTL",1,3,18.111,18.554,1,1.05091649694501,"schwartzman d.","paire b.",1500,1500,329
"2021-wimbledon-1109","wimbledon",2021,"0:05:47",14,"Diego Schwartzman","Benoit Paire",102,1,1,2,"W","CTL",2,3,16.307,4.824,0,0.992532247114732,"schwartzman d.","paire b.",1500,1500,347
"2021-wimbledon-1109","wimbledon",2021,"0:06:10",15,"Diego Schwartzman","Benoit Paire",109,1,1,1,"W","CTL",1,3,17.829,18.908,1,1.06064720525006,"schwartzman d.","paire b.",1500,1500,370
"2021-wimbledon-1109","wimbledon",2021,"0:08:08",17,"Diego Schwartzman","Benoit Paire",116,1,2,2,"C","NCTL",1,4,18.792,15.492,0,0.998689874602283,"schwartzman d.","paire b.",1500,1500,488
"2021-wimbledon-1109","wimbledon",2021,"0:08:43",19,"Diego Schwartzman","Benoit Paire",122,1,2,2,"B","NCTL",5,4,23.196,14.277,0,1.05034624742654,"schwartzman d.","paire b.",1500,1500,523
"2021-wimbledon-1109","wimbledon",2021,"0:09:27",21,"Diego Schwartzman","Benoit Paire",92,2,2,2,"BW","NCTL",9,4,39.998,30.7,1,0.792064383305259,"schwartzman d.","paire b.",1500,1500,567
"2021-wimbledon-1109","wimbledon",2021,"0:10:07",22,"Diego Schwartzman","Benoit Paire",124,1,2,2,"C","CTL",1,4,15.624,11.843,0,1.06756503836796,"schwartzman d.","paire b.",1500,1500,607
"2021-wimbledon-1109","wimbledon",2021,"0:10:23",23,"Diego Schwartzman","Benoit Paire",91,2,2,2,"BW","NCTL",7,4,40.071,29.608,1,0.78345498783455,"schwartzman d.","paire b.",1500,1500,623
"2021-wimbledon-1109","wimbledon",2021,"0:11:16",24,"Diego Schwartzman","Benoit Paire",83,2,1,2,"B","NCTL",2,5,21.793,22.128,1,0.80764878931885,"schwartzman d.","paire b.",1500,1500,676
"2021-wimbledon-1109","wimbledon",2021,"0:11:44",25,"Diego Schwartzman","Benoit Paire",102,1,1,1,"C","NCTL",1,5,12.202,16.048,1,0.992532247114732,"schwartzman d.","paire b.",1500,1500,704
"2021-wimbledon-1109","wimbledon",2021,"0:12:03",26,"Diego Schwartzman","Benoit Paire",88,2,1,1,"B","NCTL",1,5,12.206,13.283,0,0.856302330844082,"schwartzman d.","paire b.",1500,1500,723
"2021-wimbledon-1109","wimbledon",2021,"0:12:30",27,"Diego Schwartzman","Benoit Paire",104,1,1,1,"B","CTL",5,5,21.231,30.246,1,1.01199366372482,"schwartzman d.","paire b.",1500,1500,750
"2021-wimbledon-1109","wimbledon",2021,"0:12:54",28,"Diego Schwartzman","Benoit Paire",93,2,1,1,"BC","NCTL",1,5,24.099,15.437,0,0.904955872369314,"schwartzman d.","paire b.",1500,1500,774
"2021-wimbledon-1109","wimbledon",2021,"0:14:40",29,"Diego Schwartzman","Benoit Paire",91,2,2,2,"W","CTL",1,6,19.777,15.128,1,0.78345498783455,"schwartzman d.","paire b.",1500,1500,880
"2021-wimbledon-1109","wimbledon",2021,"0:15:01",30,"Diego Schwartzman","Benoit Paire",118,1,2,1,"BW","CTL",2,6,21.209,19.887,1,1.0159086655437,"schwartzman d.","paire b.",1500,1500,901
"2021-wimbledon-1109","wimbledon",2021,"0:15:53",32,"Diego Schwartzman","Benoit Paire",87,2,2,1,"B","NCTL",4,6,19.9,17.172,0,0.749017405951713,"schwartzman d.","paire b.",1500,1500,953
"2021-wimbledon-1109","wimbledon",2021,"0:16:36",33,"Diego Schwartzman","Benoit Paire",124,1,2,2,"C","CTL",1,6,14.649,12.125,0,1.06756503836796,"schwartzman d.","paire b.",1500,1500,996
"2021-wimbledon-1109","wimbledon",2021,"0:16:52",34,"Diego Schwartzman","Benoit Paire",119,1,2,2,"BW","CTL",1,6,15.363,12.507,0,1.02451806101441,"schwartzman d.","paire b.",1500,1500,1012
"2021-wimbledon-1109","wimbledon",2021,"0:17:20",35,"Diego Schwartzman","Benoit Paire",87,2,2,1,"B","NCTL",4,6,24.116,32.044,0,0.749017405951713,"schwartzman d.","paire b.",1500,1500,1040
"2021-wimbledon-1109","wimbledon",2021,"0:18:26",37,"Diego Schwartzman","Benoit Paire",91,2,2,2,"BW","NCTL",5,6,27.503,28.38,1,0.78345498783455,"schwartzman d.","paire b.",1500,1500,1106
"2021-wimbledon-1109","wimbledon",2021,"0:18:56",38,"Diego Schwartzman","Benoit Paire",122,1,2,1,"B","NCTL",14,6,48.596,60.051,1,1.05034624742654,"schwartzman d.","paire b.",1500,1500,1136
"2021-wimbledon-1109","wimbledon",2021,"0:19:44",39,"Diego Schwartzman","Benoit Paire",100,2,2,1,"BW","NCTL",2,6,16.564,13.781,0,0.860939547070934,"schwartzman d.","paire b.",1500,1500,1184
"2021-wimbledon-1109","wimbledon",2021,"0:20:17",40,"Diego Schwartzman","Benoit Paire",118,1,2,2,"W","NCTL",1,6,15.375,12.206,0,1.0159086655437,"schwartzman d.","paire b.",1500,1500,1217
"2021-wimbledon-1109","wimbledon",2021,"0:20:32",41,"Diego Schwartzman","Benoit Paire",124,1,2,2,"C","NCTL",1,6,14.793,12.014,0,1.06756503836796,"schwartzman d.","paire b.",1500,1500,1232
"2021-wimbledon-1109","wimbledon",2021,"0:20:48",42,"Diego Schwartzman","Benoit Paire",120,1,2,1,"B","NCTL",6,6,39.072,32.563,1,1.03312745648512,"schwartzman d.","paire b.",1500,1500,1248
"2021-wimbledon-1109","wimbledon",2021,"0:21:18",43,"Diego Schwartzman","Benoit Paire",102,2,2,1,"C","NCTL",10,6,46.489,42.526,0,0.878158338012353,"schwartzman d.","paire b.",1500,1500,1278
"2021-wimbledon-1109","wimbledon",2021,"0:22:04",44,"Diego Schwartzman","Benoit Paire",123,1,2,1,"W","NCTL",2,6,17.852,7.72,1,1.05895564289725,"schwartzman d.","paire b.",1500,1500,1324
"2021-wimbledon-1109","wimbledon",2021,"0:22:37",45,"Diego Schwartzman","Benoit Paire",103,1,1,1,"W","NCTL",5,7,22.34,27.622,1,1.00226295541978,"schwartzman d.","paire b.",1500,1500,1357
"2021-wimbledon-1109","wimbledon",2021,"0:23:04",46,"Diego Schwartzman","Benoit Paire",88,2,1,1,"C","NCTL",1,7,13.222,13.713,0,0.856302330844082,"schwartzman d.","paire b.",1500,1500,1384
"2021-wimbledon-1109","wimbledon",2021,"0:23:29",47,"Diego Schwartzman","Benoit Paire",84,2,1,2,"BC","NCTL",4,7,25.08,25.458,1,0.817379497623897,"schwartzman d.","paire b.",1500,1500,1409
"2021-wimbledon-1109","wimbledon",2021,"0:24:06",48,"Diego Schwartzman","Benoit Paire",106,1,1,1,"BC","NCTL",1,7,11.859,15.96,1,1.03145508033492,"schwartzman d.","paire b.",1500,1500,1446
"2021-wimbledon-1109","wimbledon",2021,"0:24:33",49,"Diego Schwartzman","Benoit Paire",111,1,1,1,"C","NCTL",7,7,33.051,32.864,1,1.08010862186015,"schwartzman d.","paire b.",1500,1500,1473
"2021-wimbledon-1109","wimbledon",2021,"0:26:44",51,"Diego Schwartzman","Benoit Paire",124,1,2,2,"BW","NCTL",3,8,16.387,15.187,0,1.06756503836796,"schwartzman d.","paire b.",1500,1500,1604
"2021-wimbledon-1109","wimbledon",2021,"0:26:59",52,"Diego Schwartzman","Benoit Paire",122,2,2,1,"C","NCTL",2,8,17.353,13.849,0,1.05034624742654,"schwartzman d.","paire b.",1500,1500,1619
"2021-wimbledon-1109","wimbledon",2021,"0:27:33",53,"Diego Schwartzman","Benoit Paire",93,2,2,2,"BW","NCTL",1,8,14.897,12.31,1,0.800673778775969,"schwartzman d.","paire b.",1500,1500,1653
"2021-wimbledon-1109","wimbledon",2021,"0:28:08",54,"Diego Schwartzman","Benoit Paire",108,1,2,2,"W","CTL",5,8,27.546,13.569,0,0.929814710836609,"schwartzman d.","paire b.",1500,1500,1688
"2021-wimbledon-1109","wimbledon",2021,"0:28:26",55,"Diego Schwartzman","Benoit Paire",110,1,2,1,"BC","NCTL",2,8,16.396,13.045,1,0.947033501778027,"schwartzman d.","paire b.",1500,1500,1706
"2021-wimbledon-1109","wimbledon",2021,"0:28:46",56,"Diego Schwartzman","Benoit Paire",113,1,2,2,"BW","NCTL",1,8,15.008,12.059,0,0.972861688190155,"schwartzman d.","paire b.",1500,1500,1726
"2021-wimbledon-1109","wimbledon",2021,"0:29:01",57,"Diego Schwartzman","Benoit Paire",120,1,2,1,"BW","NCTL",6,8,20.339,22.573,1,1.03312745648512,"schwartzman d.","paire b.",1500,1500,1741
"2021-wimbledon-1109","wimbledon",2021,"0:29:21",58,"Diego Schwartzman","Benoit Paire",111,1,2,1,"BW","NCTL",4,8,22.945,15.694,1,0.955642897248737,"schwartzman d.","paire b.",1500,1500,1761
"2021-wimbledon-1109","wimbledon",2021,"0:29:40",59,"Diego Schwartzman","Benoit Paire",124,1,2,2,"BW","CTL",3,8,22.129,19.255,0,1.06756503836796,"schwartzman d.","paire b.",1500,1500,1780
"2021-wimbledon-1109","wimbledon",2021,"0:29:58",60,"Diego Schwartzman","Benoit Paire",115,1,2,2,"BW","CTL",1,8,14.684,12.454,0,0.990080479131574,"schwartzman d.","paire b.",1500,1500,1798
"2021-wimbledon-1109","wimbledon",2021,"0:30:11",61,"Diego Schwartzman","Benoit Paire",121,1,2,2,"W","NCTL",3,8,15.984,12.359,0,1.04173685195583,"schwartzman d.","paire b.",1500,1500,1811
"2021-wimbledon-1109","wimbledon",2021,"0:30:52",62,"Diego Schwartzman","Benoit Paire",78,2,1,1,"B","NCTL",1,9,13.071,13.42,0,0.758995247793618,"schwartzman d.","paire b.",1500,1500,1852
"2021-wimbledon-1109","wimbledon",2021,"0:31:20",63,"Diego Schwartzman","Benoit Paire",106,1,1,1,"C","NCTL",1,9,12.625,16.134,1,1.03145508033492,"schwartzman d.","paire b.",1500,1500,1880
"2021-wimbledon-1109","wimbledon",2021,"0:31:36",64,"Diego Schwartzman","Benoit Paire",108,1,1,2,"B","NCTL",14,9,46.368,45.318,0,1.05091649694501,"schwartzman d.","paire b.",1500,1500,1896
"2021-wimbledon-1109","wimbledon",2021,"0:32:15",65,"Diego Schwartzman","Benoit Paire",104,1,1,1,"BC","NCTL",1,9,12.044,15.534,1,1.01199366372482,"schwartzman d.","paire b.",1500,1500,1935
"2021-wimbledon-1109","wimbledon",2021,"0:32:34",66,"Diego Schwartzman","Benoit Paire",90,2,1,2,"B","CTL",2,9,16.191,16.08,1,0.875763747454175,"schwartzman d.","paire b.",1500,1500,1954
"2021-wimbledon-1109","wimbledon",2021,"0:33:05",67,"Diego Schwartzman","Benoit Paire",86,2,1,1,"C","NCTL",1,9,12.662,13.246,0,0.83684091423399,"schwartzman d.","paire b.",1500,1500,1985
"2021-wimbledon-1109","wimbledon",2021,"0:35:10",68,"Diego Schwartzman","Benoit Paire",91,2,2,1,"B","NCTL",4,1,24.415,21.578,0,0.78345498783455,"schwartzman d.","paire b.",1500,1500,2110
"2021-wimbledon-1109","wimbledon",2021,"0:35:34",69,"Diego Schwartzman","Benoit Paire",120,1,2,1,"W","CTL",2,1,18.093,13.331,1,1.03312745648512,"schwartzman d.","paire b.",1500,1500,2134
"2021-wimbledon-1109","wimbledon",2021,"0:35:48",70,"Diego Schwartzman","Benoit Paire",92,2,2,2,"B","NCTL",3,1,25.172,24.454,1,0.792064383305259,"schwartzman d.","paire b.",1500,1500,2148
"2021-wimbledon-1109","wimbledon",2021,"0:36:39",72,"Diego Schwartzman","Benoit Paire",116,2,2,2,"C","NCTL",1,1,14.844,12.434,1,0.998689874602283,"schwartzman d.","paire b.",1500,1500,2199
"2021-wimbledon-1109","wimbledon",2021,"0:37:03",73,"Diego Schwartzman","Benoit Paire",124,1,2,2,"BW","NCTL",3,1,21.701,16.335,0,1.06756503836796,"schwartzman d.","paire b.",1500,1500,2223
"2021-wimbledon-1109","wimbledon",2021,"0:38:02",75,"Diego Schwartzman","Benoit Paire",93,2,2,1,"W","CTL",2,1,24.394,18.916,0,0.800673778775969,"schwartzman d.","paire b.",1500,1500,2282
"2021-wimbledon-1109","wimbledon",2021,"0:39:12",76,"Diego Schwartzman","Benoit Paire",98,1,1,2,"W","CTL",8,2,39.361,41.619,0,0.953609413894546,"schwartzman d.","paire b.",1500,1500,2352
"2021-wimbledon-1109","wimbledon",2021,"0:39:42",77,"Diego Schwartzman","Benoit Paire",83,2,1,2,"B","NCTL",4,2,31.086,22.707,1,0.80764878931885,"schwartzman d.","paire b.",1500,1500,2382
"2021-wimbledon-1109","wimbledon",2021,"0:40:19",78,"Diego Schwartzman","Benoit Paire",102,1,1,1,"W","CTL",1,2,12.121,15.186,1,0.992532247114732,"schwartzman d.","paire b.",1500,1500,2419
"2021-wimbledon-1109","wimbledon",2021,"0:40:39",79,"Diego Schwartzman","Benoit Paire",90,2,1,2,"","",20,2,0,0,1,0.875763747454175,"schwartzman d.","paire b.",1500,1500,2439
"2021-wimbledon-1109","wimbledon",2021,"0:41:43",80,"Diego Schwartzman","Benoit Paire",94,2,1,1,"BW","NCTL",3,2,24.682,26.645,0,0.914686580674361,"schwartzman d.","paire b.",1500,1500,2503
"2021-wimbledon-1109","wimbledon",2021,"0:42:24",81,"Diego Schwartzman","Benoit Paire",96,1,1,2,"C","NCTL",14,2,62.109,59.81,0,0.934147997284454,"schwartzman d.","paire b.",1500,1500,2544
"2021-wimbledon-1109","wimbledon",2021,"0:43:18",82,"Diego Schwartzman","Benoit Paire",96,2,2,1,"W","CTL",4,3,26.077,22.313,0,0.826501965188096,"schwartzman d.","paire b.",1500,1500,2598
"2021-wimbledon-1109","wimbledon",2021,"0:43:50",83,"Diego Schwartzman","Benoit Paire",89,2,2,2,"BW","CTL",7,3,32.583,22.912,1,0.766236196893131,"schwartzman d.","paire b.",1500,1500,2630
"2021-wimbledon-1109","wimbledon",2021,"0:44:25",84,"Diego Schwartzman","Benoit Paire",94,2,2,2,"B","NCTL",5,3,22.852,26.005,1,0.809283174246678,"schwartzman d.","paire b.",1500,1500,2665
"2021-wimbledon-1109","wimbledon",2021,"0:45:19",85,"Diego Schwartzman","Benoit Paire",94,2,2,2,"B","NCTL",11,3,41.727,31.977,1,0.809283174246678,"schwartzman d.","paire b.",1500,1500,2719
"2021-wimbledon-1109","wimbledon",2021,"0:46:00",86,"Diego Schwartzman","Benoit Paire",110,1,2,2,"BW","NCTL",1,3,14.911,11.979,0,0.947033501778027,"schwartzman d.","paire b.",1500,1500,2760
"2021-wimbledon-1109","wimbledon",2021,"0:47:47",87,"Diego Schwartzman","Benoit Paire",103,1,1,1,"BW","NCTL",5,4,21.799,27.635,1,1.00226295541978,"schwartzman d.","paire b.",1500,1500,2867
"2021-wimbledon-1109","wimbledon",2021,"0:48:19",88,"Diego Schwartzman","Benoit Paire",91,2,1,1,"B","NCTL",9,4,42.335,44.634,0,0.885494455759222,"schwartzman d.","paire b.",1500,1500,2899
"2021-wimbledon-1109","wimbledon",2021,"0:49:03",89,"Diego Schwartzman","Benoit Paire",94,2,1,2,"B","NCTL",2,4,15.313,16.847,1,0.914686580674361,"schwartzman d.","paire b.",1500,1500,2943
"2021-wimbledon-1109","wimbledon",2021,"0:49:38",90,"Diego Schwartzman","Benoit Paire",90,2,1,2,"BC","NCTL",2,4,12.6,13.523,1,0.875763747454175,"schwartzman d.","paire b.",1500,1500,2978
"2021-wimbledon-1109","wimbledon",2021,"0:50:08",91,"Diego Schwartzman","Benoit Paire",104,1,1,1,"BW","NCTL",11,4,38.715,39.897,1,1.01199366372482,"schwartzman d.","paire b.",1500,1500,3008
"2021-wimbledon-1109","wimbledon",2021,"0:50:46",92,"Diego Schwartzman","Benoit Paire",103,1,1,2,"BC","NCTL",4,4,23.661,24.243,0,1.00226295541978,"schwartzman d.","paire b.",1500,1500,3046
"2021-wimbledon-1109","wimbledon",2021,"0:51:17",93,"Diego Schwartzman","Benoit Paire",96,1,1,1,"BW","NCTL",13,4,55.558,58.045,1,0.934147997284454,"schwartzman d.","paire b.",1500,1500,3077
"2021-wimbledon-1109","wimbledon",2021,"0:52:05",94,"Diego Schwartzman","Benoit Paire",104,1,1,1,"C","NCTL",3,4,18.892,20.73,1,1.01199366372482,"schwartzman d.","paire b.",1500,1500,3125
"2021-wimbledon-1109","wimbledon",2021,"0:52:36",95,"Diego Schwartzman","Benoit Paire",86,1,2,2,"W","CTL",1,5,14.525,11.989,0,0.740408010481003,"schwartzman d.","paire b.",1500,1500,3156
"2021-wimbledon-1109","wimbledon",2021,"0:52:58",96,"Diego Schwartzman","Benoit Paire",115,1,2,2,"C","NCTL",1,5,15.217,12.252,0,0.990080479131574,"schwartzman d.","paire b.",1500,1500,3178
"2021-wimbledon-1109","wimbledon",2021,"0:53:34",98,"Diego Schwartzman","Benoit Paire",117,1,2,2,"W","CTL",1,5,14.675,12.545,0,1.00729927007299,"schwartzman d.","paire b.",1500,1500,3214
"2021-wimbledon-1109","wimbledon",2021,"0:53:47",99,"Diego Schwartzman","Benoit Paire",108,1,2,1,"W","NCTL",4,5,21.34,15.603,1,0.929814710836609,"schwartzman d.","paire b.",1500,1500,3227
"2021-wimbledon-1109","wimbledon",2021,"0:54:07",100,"Diego Schwartzman","Benoit Paire",119,1,2,1,"C","NCTL",2,5,15.241,12.208,1,1.02451806101441,"schwartzman d.","paire b.",1500,1500,3247
"2021-wimbledon-1109","wimbledon",2021,"0:54:28",101,"Diego Schwartzman","Benoit Paire",91,2,2,2,"B","NCTL",9,5,37.724,42.684,1,0.78345498783455,"schwartzman d.","paire b.",1500,1500,3268
"2021-wimbledon-1109","wimbledon",2021,"0:55:07",102,"Diego Schwartzman","Benoit Paire",88,2,2,1,"BC","NCTL",6,5,28.732,22.713,0,0.757626801422422,"schwartzman d.","paire b.",1500,1500,3307
"2021-wimbledon-1109","wimbledon",2021,"0:55:47",103,"Diego Schwartzman","Benoit Paire",98,2,2,1,"BW","NCTL",4,5,21.612,15.319,0,0.843720756129515,"schwartzman d.","paire b.",1500,1500,3347
"2021-wimbledon-1109","wimbledon",2021,"0:56:22",104,"Diego Schwartzman","Benoit Paire",87,2,2,1,"B","NCTL",2,5,21.632,20.775,0,0.749017405951713,"schwartzman d.","paire b.",1500,1500,3382
"2021-wimbledon-1109","wimbledon",2021,"0:58:31",105,"Diego Schwartzman","Benoit Paire",87,2,1,1,"BW","NCTL",3,6,21.427,25.273,0,0.846571622539036,"schwartzman d.","paire b.",1500,1500,3511
"2021-wimbledon-1109","wimbledon",2021,"0:58:59",106,"Diego Schwartzman","Benoit Paire",107,1,1,1,"C","CTL",3,6,20.954,21.488,1,1.04118578863996,"schwartzman d.","paire b.",1500,1500,3539
"2021-wimbledon-1109","wimbledon",2021,"0:59:18",107,"Diego Schwartzman","Benoit Paire",108,1,1,1,"BC","NCTL",1,6,12.407,14.773,1,1.05091649694501,"schwartzman d.","paire b.",1500,1500,3558
"2021-wimbledon-1109","wimbledon",2021,"0:59:33",108,"Diego Schwartzman","Benoit Paire",107,1,1,1,"W","CTL",3,6,27.701,35.493,1,1.04118578863996,"schwartzman d.","paire b.",1500,1500,3573
"2021-wimbledon-1109","wimbledon",2021,"1:00:34",109,"Diego Schwartzman","Benoit Paire",98,2,2,2,"BW","NCTL",1,7,19.883,14.753,1,0.843720756129515,"schwartzman d.","paire b.",1500,1500,3634
"2021-wimbledon-1109","wimbledon",2021,"1:00:55",110,"Diego Schwartzman","Benoit Paire",118,1,2,2,"W","CTL",1,7,16.643,12.455,0,1.0159086655437,"schwartzman d.","paire b.",1500,1500,3655
"2021-wimbledon-1109","wimbledon",2021,"1:01:24",112,"Diego Schwartzman","Benoit Paire",118,1,2,2,"W","CTL",1,7,17.873,12.577,0,1.0159086655437,"schwartzman d.","paire b.",1500,1500,3684
"2021-wimbledon-1109","wimbledon",2021,"1:04:10",114,"Diego Schwartzman","Benoit Paire",95,1,1,1,"W","CTL",1,8,15.893,19.118,1,0.924417288979407,"schwartzman d.","paire b.",1500,1500,3850
"2021-wimbledon-1109","wimbledon",2021,"1:04:24",115,"Diego Schwartzman","Benoit Paire",105,1,1,2,"C","NCTL",8,8,29.52,42.483,0,1.02172437202987,"schwartzman d.","paire b.",1500,1500,3864
"2021-wimbledon-1109","wimbledon",2021,"1:04:58",116,"Diego Schwartzman","Benoit Paire",104,1,1,1,"B","NCTL",9,8,33.345,36.089,1,1.01199366372482,"schwartzman d.","paire b.",1500,1500,3898
"2021-wimbledon-1109","wimbledon",2021,"1:05:29",117,"Diego Schwartzman","Benoit Paire",103,1,1,2,"C","NCTL",8,8,41.545,32.54,0,1.00226295541978,"schwartzman d.","paire b.",1500,1500,3929
"2021-wimbledon-1109","wimbledon",2021,"1:06:07",118,"Diego Schwartzman","Benoit Paire",93,1,1,1,"W","CTL",11,8,35.926,52.985,1,0.904955872369314,"schwartzman d.","paire b.",1500,1500,3967
"2021-wimbledon-1109","wimbledon",2021,"1:06:49",119,"Diego Schwartzman","Benoit Paire",86,2,1,1,"BC","NCTL",1,8,12.605,13.951,0,0.83684091423399,"schwartzman d.","paire b.",1500,1500,4009
"2021-wimbledon-1109","wimbledon",2021,"1:07:30",120,"Diego Schwartzman","Benoit Paire",109,1,2,1,"W","CTL",2,9,17.637,13.04,1,0.938424106307318,"schwartzman d.","paire b.",1500,1500,4050
"2021-wimbledon-1109","wimbledon",2021,"1:07:45",121,"Diego Schwartzman","Benoit Paire",111,1,2,2,"B","NCTL",3,9,19.298,16.987,0,0.955642897248737,"schwartzman d.","paire b.",1500,1500,4065
"2021-wimbledon-1109","wimbledon",2021,"1:07:58",122,"Diego Schwartzman","Benoit Paire",99,2,2,1,"BW","NCTL",6,9,22.08,25.775,0,0.852330151600225,"schwartzman d.","paire b.",1500,1500,4078
"2021-wimbledon-1109","wimbledon",2021,"1:08:30",123,"Diego Schwartzman","Benoit Paire",118,1,2,2,"W","CTL",1,9,15.245,12.199,0,1.0159086655437,"schwartzman d.","paire b.",1500,1500,4110
"2021-wimbledon-1109","wimbledon",2021,"1:08:47",124,"Diego Schwartzman","Benoit Paire",121,1,2,2,"BC","NCTL",7,9,26.001,24.132,0,1.04173685195583,"schwartzman d.","paire b.",1500,1500,4127
"2021-wimbledon-1109","wimbledon",2021,"1:09:12",125,"Diego Schwartzman","Benoit Paire",102,2,2,2,"BW","CTL",3,9,24.327,23.441,1,0.878158338012353,"schwartzman d.","paire b.",1500,1500,4152
"2021-wimbledon-1109","wimbledon",2021,"1:11:20",126,"Diego Schwartzman","Benoit Paire",95,1,1,1,"W","NCTL",9,10,35.764,39.756,1,0.924417288979407,"schwartzman d.","paire b.",1500,1500,4280
"2021-wimbledon-1109","wimbledon",2021,"1:11:52",127,"Diego Schwartzman","Benoit Paire",103,1,1,2,"C","NCTL",4,10,24.769,21.505,0,1.00226295541978,"schwartzman d.","paire b.",1500,1500,4312
"2021-wimbledon-1109","wimbledon",2021,"1:12:17",128,"Diego Schwartzman","Benoit Paire",99,1,1,2,"B","NCTL",4,10,27.832,28.29,0,0.963340122199593,"schwartzman d.","paire b.",1500,1500,4337
"2021-wimbledon-1109","wimbledon",2021,"1:12:47",129,"Diego Schwartzman","Benoit Paire",100,1,1,1,"C","NCTL",23,10,65.753,59.222,1,0.973070830504639,"schwartzman d.","paire b.",1500,1500,4367
"2021-wimbledon-1109","wimbledon",2021,"1:13:40",130,"Diego Schwartzman","Benoit Paire",79,2,1,1,"BC","NCTL",1,10,19.778,16.634,0,0.768725956098665,"schwartzman d.","paire b.",1500,1500,4420
"2021-wimbledon-1109","wimbledon",2021,"1:14:29",131,"Diego Schwartzman","Benoit Paire",103,1,1,1,"BC","NCTL",9,10,51.417,40.551,1,1.00226295541978,"schwartzman d.","paire b.",1500,1500,4469
"2021-wimbledon-1109","wimbledon",2021,"18:03:41",132,"Diego Schwartzman","Benoit Paire",122,1,2,1,"BC","NCTL",6,1,26.789,29.899,1,1.05034624742654,"schwartzman d.","paire b.",1500,1500,65021
"2021-wimbledon-1109","wimbledon",2021,"18:04:03",133,"Diego Schwartzman","Benoit Paire",80,2,2,2,"B","NCTL",5,1,40.62,22.049,1,0.688751637656747,"schwartzman d.","paire b.",1500,1500,65043
"2021-wimbledon-1109","wimbledon",2021,"18:04:48",134,"Diego Schwartzman","Benoit Paire",89,2,2,2,"BC","NCTL",9,1,36.652,26.42,1,0.766236196893131,"schwartzman d.","paire b.",1500,1500,65088
"2021-wimbledon-1109","wimbledon",2021,"18:05:24",135,"Diego Schwartzman","Benoit Paire",81,2,2,1,"C","CTL",4,1,15.066,12.191,0,0.697361033127456,"schwartzman d.","paire b.",1500,1500,65124
"2021-wimbledon-1109","wimbledon",2021,"18:06:35",137,"Diego Schwartzman","Benoit Paire",87,1,2,1,"B","NCTL",8,1,36.621,33.556,1,0.749017405951713,"schwartzman d.","paire b.",1500,1500,65195
"2021-wimbledon-1109","wimbledon",2021,"18:07:11",138,"Diego Schwartzman","Benoit Paire",109,1,2,1,"W","CTL",2,1,15.042,11.91,1,0.938424106307318,"schwartzman d.","paire b.",1500,1500,65231
"2021-wimbledon-1109","wimbledon",2021,"18:07:37",139,"Diego Schwartzman","Benoit Paire",87,2,2,1,"B","NCTL",6,1,26.105,25.258,0,0.749017405951713,"schwartzman d.","paire b.",1500,1500,65257
"2021-wimbledon-1109","wimbledon",2021,"18:08:53",140,"Diego Schwartzman","Benoit Paire",98,1,1,1,"W","CTL",3,2,22.514,25.507,1,0.953609413894546,"schwartzman d.","paire b.",1500,1500,65333
"2021-wimbledon-1109","wimbledon",2021,"18:09:19",141,"Diego Schwartzman","Benoit Paire",107,1,1,1,"C","CTL",3,2,16.605,21.71,1,1.04118578863996,"schwartzman d.","paire b.",1500,1500,65359
"2021-wimbledon-1109","wimbledon",2021,"18:09:41",142,"Diego Schwartzman","Benoit Paire",86,2,1,1,"BC","NCTL",1,2,12.202,13.49,0,0.83684091423399,"schwartzman d.","paire b.",1500,1500,65381
"2021-wimbledon-1109","wimbledon",2021,"18:10:07",143,"Diego Schwartzman","Benoit Paire",104,1,1,1,"W","CTL",1,2,13.691,20.693,1,1.01199366372482,"schwartzman d.","paire b.",1500,1500,65407
"2021-wimbledon-1109","wimbledon",2021,"18:10:28",144,"Diego Schwartzman","Benoit Paire",102,2,2,1,"W","CTL",2,3,15.337,12.226,0,0.878158338012353,"schwartzman d.","paire b.",1500,1500,65428
"2021-wimbledon-1109","wimbledon",2021,"18:10:52",145,"Diego Schwartzman","Benoit Paire",114,1,2,1,"C","NCTL",2,3,14.736,11.96,1,0.981471083660865,"schwartzman d.","paire b.",1500,1500,65452
"2021-wimbledon-1109","wimbledon",2021,"18:11:04",146,"Diego Schwartzman","Benoit Paire",106,1,2,1,"BW","NCTL",10,3,41.764,41.103,1,0.91259591989519,"schwartzman d.","paire b.",1500,1500,65464
"2021-wimbledon-1109","wimbledon",2021,"18:11:27",147,"Diego Schwartzman","Benoit Paire",119,1,2,1,"W","CTL",2,3,18.078,13.145,1,1.02451806101441,"schwartzman d.","paire b.",1500,1500,65487
"2021-wimbledon-1109","wimbledon",2021,"18:13:02",148,"Diego Schwartzman","Benoit Paire",100,1,1,1,"BW","NCTL",1,4,12.314,15.023,1,0.973070830504639,"schwartzman d.","paire b.",1500,1500,65582
"2021-wimbledon-1109","wimbledon",2021,"18:13:19",149,"Diego Schwartzman","Benoit Paire",93,2,1,1,"BC","NCTL",1,4,12.515,13.848,0,0.904955872369314,"schwartzman d.","paire b.",1500,1500,65599
"2021-wimbledon-1109","wimbledon",2021,"18:13:44",150,"Diego Schwartzman","Benoit Paire",90,2,1,1,"BW","NCTL",1,4,12.406,13.275,0,0.875763747454175,"schwartzman d.","paire b.",1500,1500,65624
"2021-wimbledon-1109","wimbledon",2021,"18:14:08",151,"Diego Schwartzman","Benoit Paire",106,1,1,1,"BW","NCTL",3,4,27.673,25.184,1,1.03145508033492,"schwartzman d.","paire b.",1500,1500,65648
"2021-wimbledon-1109","wimbledon",2021,"18:14:29",152,"Diego Schwartzman","Benoit Paire",118,1,2,1,"BC","NCTL",4,5,24.329,21.304,1,1.0159086655437,"schwartzman d.","paire b.",1500,1500,65669
"2021-wimbledon-1109","wimbledon",2021,"18:14:42",153,"Diego Schwartzman","Benoit Paire",99,2,2,1,"","",2,5,20.078,21.007,0,0.852330151600225,"schwartzman d.","paire b.",1500,1500,65682
"2021-wimbledon-1109","wimbledon",2021,"18:14:59",154,"Diego Schwartzman","Benoit Paire",119,1,2,2,"BC","NCTL",3,5,21.912,20.101,0,1.02451806101441,"schwartzman d.","paire b.",1500,1500,65699
"2021-wimbledon-1109","wimbledon",2021,"18:15:13",155,"Diego Schwartzman","Benoit Paire",90,2,2,1,"B","NCTL",4,5,23.719,26.661,0,0.774845592363841,"schwartzman d.","paire b.",1500,1500,65713
"2021-wimbledon-1109","wimbledon",2021,"18:15:32",156,"Diego Schwartzman","Benoit Paire",116,2,2,2,"C","NCTL",1,5,14.291,12.283,1,0.998689874602283,"schwartzman d.","paire b.",1500,1500,65732
"2021-wimbledon-1109","wimbledon",2021,"18:15:50",157,"Diego Schwartzman","Benoit Paire",117,1,2,1,"W","CTL",4,5,23.742,21.751,1,1.00729927007299,"schwartzman d.","paire b.",1500,1500,65750
"2021-wimbledon-1109","wimbledon",2021,"18:17:14",158,"Diego Schwartzman","Benoit Paire",84,2,1,1,"BC","NCTL",1,6,12.291,14.121,0,0.817379497623897,"schwartzman d.","paire b.",1500,1500,65834
"2021-wimbledon-1109","wimbledon",2021,"18:17:34",159,"Diego Schwartzman","Benoit Paire",101,1,1,1,"C","NCTL",1,6,16.333,20.075,1,0.982801538809685,"schwartzman d.","paire b.",1500,1500,65854
"2021-wimbledon-1109","wimbledon",2021,"18:18:34",160,"Diego Schwartzman","Benoit Paire",98,1,1,1,"BC","NCTL",3,6,27.067,28.87,1,0.953609413894546,"schwartzman d.","paire b.",1500,1500,65914
"2021-wimbledon-1109","wimbledon",2021,"18:18:54",161,"Diego Schwartzman","Benoit Paire",100,1,1,1,"W","CTL",5,6,22.838,31.037,1,0.973070830504639,"schwartzman d.","paire b.",1500,1500,65934
"2021-wimbledon-1112","wimbledon",2021,"0:00:00",1,"Marton Fucsovics","Jannik Sinner",119,1,2,1,"W","NCTL",2,1,13.957,17.959,1,1.01102181400689,"fucsovics m.","sinner j.",1537.96056683672,1500,0
"2021-wimbledon-1112","wimbledon",2021,"0:00:20",2,"Marton Fucsovics","Jannik Sinner",92,2,2,1,"BC","NCTL",6,1,36.571,29.089,0,0.781630309988519,"fucsovics m.","sinner j.",1537.96056683672,1500,20
"2021-wimbledon-1112","wimbledon",2021,"0:01:04",3,"Marton Fucsovics","Jannik Sinner",110,1,2,2,"W","CTL",1,1,18.939,20.193,0,0.934557979334099,"fucsovics m.","sinner j.",1537.96056683672,1500,64
"2021-wimbledon-1112","wimbledon",2021,"0:01:25",4,"Marton Fucsovics","Jannik Sinner",118,1,2,2,"BW","NCTL",1,1,15.903,17.229,0,1.00252583237658,"fucsovics m.","sinner j.",1537.96056683672,1500,85
"2021-wimbledon-1112","wimbledon",2021,"0:01:48",5,"Marton Fucsovics","Jannik Sinner",97,2,2,1,"BC","NCTL",2,1,16.156,19.1,0,0.824110218140069,"fucsovics m.","sinner j.",1537.96056683672,1500,108
"2021-wimbledon-1112","wimbledon",2021,"0:02:17",6,"Marton Fucsovics","Jannik Sinner",123,1,2,1,"C","NCTL",6,1,32.819,31.489,1,1.04500574052813,"fucsovics m.","sinner j.",1537.96056683672,1500,137
"2021-wimbledon-1112","wimbledon",2021,"0:03:27",7,"Marton Fucsovics","Jannik Sinner",119,1,1,2,"BC","NCTL",8,2,40.77,40.445,0,1.02276422764228,"fucsovics m.","sinner j.",1537.96056683672,1500,207
"2021-wimbledon-1112","wimbledon",2021,"0:04:03",8,"Marton Fucsovics","Jannik Sinner",96,2,1,1,"BW","CTL",3,2,20.88,18.165,0,0.825087108013937,"fucsovics m.","sinner j.",1537.96056683672,1500,243
"2021-wimbledon-1112","wimbledon",2021,"0:04:41",9,"Marton Fucsovics","Jannik Sinner",101,2,1,2,"B","NCTL",6,2,27.835,29.194,1,0.868060394889663,"fucsovics m.","sinner j.",1537.96056683672,1500,281
"2021-wimbledon-1112","wimbledon",2021,"0:05:22",10,"Marton Fucsovics","Jannik Sinner",118,1,1,1,"C","NCTL",1,2,14.538,12.254,1,1.01416957026713,"fucsovics m.","sinner j.",1537.96056683672,1500,322
"2021-wimbledon-1112","wimbledon",2021,"0:05:50",11,"Marton Fucsovics","Jannik Sinner",115,1,1,2,"W","CTL",6,2,32.543,28.689,0,0.988385598141696,"fucsovics m.","sinner j.",1537.96056683672,1500,350
"2021-wimbledon-1112","wimbledon",2021,"0:06:21",12,"Marton Fucsovics","Jannik Sinner",76,2,1,1,"BW","NCTL",3,2,24.914,26.374,0,0.653193960511034,"fucsovics m.","sinner j.",1537.96056683672,1500,381
"2021-wimbledon-1112","wimbledon",2021,"0:07:01",13,"Marton Fucsovics","Jannik Sinner",98,2,1,2,"BC","NCTL",4,2,18.935,28.497,1,0.842276422764228,"fucsovics m.","sinner j.",1537.96056683672,1500,421
"2021-wimbledon-1112","wimbledon",2021,"0:07:45",14,"Marton Fucsovics","Jannik Sinner",89,2,1,1,"BW","NCTL",7,2,30.074,43.255,0,0.764924506387921,"fucsovics m.","sinner j.",1537.96056683672,1500,465
"2021-wimbledon-1112","wimbledon",2021,"0:08:31",15,"Marton Fucsovics","Jannik Sinner",111,1,1,2,"W","CTL",4,2,33.193,26.905,0,0.954006968641115,"fucsovics m.","sinner j.",1537.96056683672,1500,511
"2021-wimbledon-1112","wimbledon",2021,"0:10:04",18,"Marton Fucsovics","Jannik Sinner",123,1,2,2,"W","CTL",5,3,35.093,36.741,0,1.04500574052813,"fucsovics m.","sinner j.",1537.96056683672,1500,604
"2021-wimbledon-1112","wimbledon",2021,"0:10:33",19,"Marton Fucsovics","Jannik Sinner",119,1,2,2,"C","NCTL",11,3,40.944,42.317,0,1.01102181400689,"fucsovics m.","sinner j.",1537.96056683672,1500,633
"2021-wimbledon-1112","wimbledon",2021,"0:11:12",20,"Marton Fucsovics","Jannik Sinner",121,1,2,2,"W","CTL",3,3,15.971,25.671,0,1.02801377726751,"fucsovics m.","sinner j.",1537.96056683672,1500,672
"2021-wimbledon-1112","wimbledon",2021,"0:11:31",21,"Marton Fucsovics","Jannik Sinner",99,2,2,2,"BC","NCTL",7,3,30.321,33.645,1,0.841102181400689,"fucsovics m.","sinner j.",1537.96056683672,1500,691
"2021-wimbledon-1112","wimbledon",2021,"0:13:25",22,"Marton Fucsovics","Jannik Sinner",109,2,1,2,"BC","CTL",2,4,20.998,21.365,1,0.936817653890825,"fucsovics m.","sinner j.",1537.96056683672,1500,805
"2021-wimbledon-1112","wimbledon",2021,"0:13:56",23,"Marton Fucsovics","Jannik Sinner",120,1,1,1,"C","NCTL",1,4,14.826,12.32,1,1.03135888501742,"fucsovics m.","sinner j.",1537.96056683672,1500,836
"2021-wimbledon-1112","wimbledon",2021,"0:14:49",25,"Marton Fucsovics","Jannik Sinner",117,1,1,1,"BW","CTL",3,4,22.089,16.494,1,1.00557491289199,"fucsovics m.","sinner j.",1537.96056683672,1500,889
"2021-wimbledon-1112","wimbledon",2021,"0:15:12",26,"Marton Fucsovics","Jannik Sinner",120,1,1,2,"BC","CTL",2,4,17.15,16.264,0,1.03135888501742,"fucsovics m.","sinner j.",1537.96056683672,1500,912
"2021-wimbledon-1112","wimbledon",2021,"0:15:39",27,"Marton Fucsovics","Jannik Sinner",95,2,1,2,"W","CTL",10,4,37.664,51.909,1,0.816492450638792,"fucsovics m.","sinner j.",1537.96056683672,1500,939
"2021-wimbledon-1112","wimbledon",2021,"0:16:39",28,"Marton Fucsovics","Jannik Sinner",97,2,2,1,"BC","NCTL",2,5,14.58,17.297,0,0.824110218140069,"fucsovics m.","sinner j.",1537.96056683672,1500,999
"2021-wimbledon-1112","wimbledon",2021,"0:17:04",29,"Marton Fucsovics","Jannik Sinner",91,2,2,1,"BW","CTL",4,5,25.006,25.57,0,0.773134328358209,"fucsovics m.","sinner j.",1537.96056683672,1500,1024
"2021-wimbledon-1112","wimbledon",2021,"0:17:47",30,"Marton Fucsovics","Jannik Sinner",103,2,2,1,"B","NCTL",4,5,22.778,21.954,0,0.875086107921929,"fucsovics m.","sinner j.",1537.96056683672,1500,1067
"2021-wimbledon-1112","wimbledon",2021,"0:18:20",31,"Marton Fucsovics","Jannik Sinner",89,2,2,1,"BW","NCTL",4,5,28.77,25.133,0,0.756142365097589,"fucsovics m.","sinner j.",1537.96056683672,1500,1100
"2021-wimbledon-1112","wimbledon",2021,"0:20:27",32,"Marton Fucsovics","Jannik Sinner",111,1,1,1,"BC","NCTL",3,6,20.369,18.577,1,0.954006968641115,"fucsovics m.","sinner j.",1537.96056683672,1500,1227
"2021-wimbledon-1112","wimbledon",2021,"0:20:53",33,"Marton Fucsovics","Jannik Sinner",114,1,1,1,"C","CTL",3,6,27.967,18.22,1,0.97979094076655,"fucsovics m.","sinner j.",1537.96056683672,1500,1253
"2021-wimbledon-1112","wimbledon",2021,"0:21:19",34,"Marton Fucsovics","Jannik Sinner",122,1,1,1,"BC","NCTL",11,6,61,54.287,1,1.04854819976771,"fucsovics m.","sinner j.",1537.96056683672,1500,1279
"2021-wimbledon-1112","wimbledon",2021,"0:21:57",35,"Marton Fucsovics","Jannik Sinner",114,1,1,1,"W","NCTL",3,6,21.221,15.502,1,0.97979094076655,"fucsovics m.","sinner j.",1537.96056683672,1500,1317
"2021-wimbledon-1112","wimbledon",2021,"0:22:35",36,"Marton Fucsovics","Jannik Sinner",113,1,2,1,"W","CTL",4,7,25.623,36.125,1,0.960045924225029,"fucsovics m.","sinner j.",1537.96056683672,1500,1355
"2021-wimbledon-1112","wimbledon",2021,"0:23:15",37,"Marton Fucsovics","Jannik Sinner",97,2,2,2,"B","NCTL",3,7,23.564,24.083,1,0.824110218140069,"fucsovics m.","sinner j.",1537.96056683672,1500,1395
"2021-wimbledon-1112","wimbledon",2021,"0:23:45",38,"Marton Fucsovics","Jannik Sinner",101,2,2,2,"BC","NCTL",3,7,24.49,25.53,1,0.858094144661309,"fucsovics m.","sinner j.",1537.96056683672,1500,1425
"2021-wimbledon-1112","wimbledon",2021,"0:24:17",39,"Marton Fucsovics","Jannik Sinner",120,1,2,2,"BW","NCTL",3,7,15.259,17.991,0,1.0195177956372,"fucsovics m.","sinner j.",1537.96056683672,1500,1457
"2021-wimbledon-1112","wimbledon",2021,"0:24:35",40,"Marton Fucsovics","Jannik Sinner",122,1,2,2,"C","CTL",3,7,15.265,25.209,0,1.03650975889782,"fucsovics m.","sinner j.",1537.96056683672,1500,1475
"2021-wimbledon-1112","wimbledon",2021,"0:26:54",42,"Marton Fucsovics","Jannik Sinner",116,1,1,2,"W","CTL",6,8,39.77,35.834,0,0.996980255516841,"fucsovics m.","sinner j.",1537.96056683672,1500,1614
"2021-wimbledon-1112","wimbledon",2021,"0:27:23",43,"Marton Fucsovics","Jannik Sinner",104,2,1,1,"BC","NCTL",1,8,14.523,12.702,0,0.893844367015099,"fucsovics m.","sinner j.",1537.96056683672,1500,1643
"2021-wimbledon-1112","wimbledon",2021,"0:27:55",44,"Marton Fucsovics","Jannik Sinner",119,1,1,1,"BW","NCTL",7,8,30.515,39.603,1,1.02276422764228,"fucsovics m.","sinner j.",1537.96056683672,1500,1675
"2021-wimbledon-1112","wimbledon",2021,"0:28:27",45,"Marton Fucsovics","Jannik Sinner",106,2,1,1,"B","NCTL",5,8,26.031,19.785,0,0.911033681765389,"fucsovics m.","sinner j.",1537.96056683672,1500,1707
"2021-wimbledon-1112","wimbledon",2021,"0:29:09",46,"Marton Fucsovics","Jannik Sinner",120,1,1,2,"BW","NCTL",4,8,24.453,28.378,0,1.03135888501742,"fucsovics m.","sinner j.",1537.96056683672,1500,1749
"2021-wimbledon-1112","wimbledon",2021,"0:30:04",47,"Marton Fucsovics","Jannik Sinner",108,1,1,1,"BW","NCTL",3,8,29.777,21.634,1,0.928222996515679,"fucsovics m.","sinner j.",1537.96056683672,1500,1804
"2021-wimbledon-1112","wimbledon",2021,"0:30:28",48,"Marton Fucsovics","Jannik Sinner",117,1,1,1,"W","CTL",1,8,19.114,17.393,1,1.00557491289199,"fucsovics m.","sinner j.",1537.96056683672,1500,1828
"2021-wimbledon-1112","wimbledon",2021,"0:31:00",49,"Marton Fucsovics","Jannik Sinner",91,2,2,1,"B","NCTL",2,9,14.659,15.47,0,0.773134328358209,"fucsovics m.","sinner j.",1537.96056683672,1500,1860
"2021-wimbledon-1112","wimbledon",2021,"0:31:37",50,"Marton Fucsovics","Jannik Sinner",118,1,2,2,"W","CTL",5,9,22.7,34.179,0,1.00252583237658,"fucsovics m.","sinner j.",1537.96056683672,1500,1897
"2021-wimbledon-1112","wimbledon",2021,"0:32:04",51,"Marton Fucsovics","Jannik Sinner",107,2,2,2,"BC","CTL",1,9,12.036,13.376,1,0.909070034443169,"fucsovics m.","sinner j.",1537.96056683672,1500,1924
"2021-wimbledon-1112","wimbledon",2021,"0:32:38",52,"Marton Fucsovics","Jannik Sinner",119,1,2,2,"W","CTL",1,9,11.684,15.03,0,1.01102181400689,"fucsovics m.","sinner j.",1537.96056683672,1500,1958
"2021-wimbledon-1112","wimbledon",2021,"0:32:56",53,"Marton Fucsovics","Jannik Sinner",125,1,2,2,"C","NCTL",3,9,17.225,23.058,0,1.06199770378875,"fucsovics m.","sinner j.",1537.96056683672,1500,1976
"2021-wimbledon-1112","wimbledon",2021,"0:34:31",54,"Marton Fucsovics","Jannik Sinner",105,2,1,1,"B","NCTL",5,10,27.052,24.765,0,0.902439024390244,"fucsovics m.","sinner j.",1537.96056683672,1500,2071
"2021-wimbledon-1112","wimbledon",2021,"0:35:12",55,"Marton Fucsovics","Jannik Sinner",116,1,1,1,"BW","NCTL",1,10,14.605,11.286,1,0.996980255516841,"fucsovics m.","sinner j.",1537.96056683672,1500,2112
"2021-wimbledon-1112","wimbledon",2021,"0:35:32",56,"Marton Fucsovics","Jannik Sinner",111,1,1,1,"W","NCTL",1,10,16.18,12.604,1,0.954006968641115,"fucsovics m.","sinner j.",1537.96056683672,1500,2132
"2021-wimbledon-1112","wimbledon",2021,"0:36:05",57,"Marton Fucsovics","Jannik Sinner",93,2,1,1,"BW","NCTL",5,10,26.812,25.609,0,0.799303135888502,"fucsovics m.","sinner j.",1537.96056683672,1500,2165
"2021-wimbledon-1112","wimbledon",2021,"0:36:48",58,"Marton Fucsovics","Jannik Sinner",97,2,2,2,"B","NCTL",3,11,19.442,28.805,1,0.824110218140069,"fucsovics m.","sinner j.",1537.96056683672,1500,2208
"2021-wimbledon-1112","wimbledon",2021,"0:37:17",59,"Marton Fucsovics","Jannik Sinner",120,1,2,2,"C","CTL",3,11,15.486,23.213,0,1.0195177956372,"fucsovics m.","sinner j.",1537.96056683672,1500,2237
"2021-wimbledon-1112","wimbledon",2021,"0:37:39",60,"Marton Fucsovics","Jannik Sinner",120,1,2,2,"BC","NCTL",5,11,24.73,26.116,0,1.0195177956372,"fucsovics m.","sinner j.",1537.96056683672,1500,2259
"2021-wimbledon-1112","wimbledon",2021,"0:38:00",61,"Marton Fucsovics","Jannik Sinner",124,1,2,2,"BC","CTL",3,11,22.202,24.944,0,1.05350172215844,"fucsovics m.","sinner j.",1537.96056683672,1500,2280
"2021-wimbledon-1112","wimbledon",2021,"0:39:31",62,"Marton Fucsovics","Jannik Sinner",119,1,1,1,"C","NCTL",1,12,15.065,12.486,1,1.02276422764228,"fucsovics m.","sinner j.",1537.96056683672,1500,2371
"2021-wimbledon-1112","wimbledon",2021,"0:39:48",63,"Marton Fucsovics","Jannik Sinner",93,2,1,2,"BW","NCTL",2,12,15.697,17.478,1,0.799303135888502,"fucsovics m.","sinner j.",1537.96056683672,1500,2388
"2021-wimbledon-1112","wimbledon",2021,"0:40:23",64,"Marton Fucsovics","Jannik Sinner",109,2,1,2,"BC","NCTL",8,12,37.437,34.315,1,0.936817653890825,"fucsovics m.","sinner j.",1537.96056683672,1500,2423
"2021-wimbledon-1112","wimbledon",2021,"0:41:04",65,"Marton Fucsovics","Jannik Sinner",121,1,1,1,"BW","NCTL",1,12,20.153,22.549,1,1.03995354239257,"fucsovics m.","sinner j.",1537.96056683672,1500,2464
"2021-wimbledon-1112","wimbledon",2021,"0:41:32",66,"Marton Fucsovics","Jannik Sinner",107,1,1,1,"W","CTL",7,12,34.952,28.273,1,0.919628339140534,"fucsovics m.","sinner j.",1537.96056683672,1500,2492
"2021-wimbledon-1112","wimbledon",2021,"0:42:01",67,"Marton Fucsovics","Jannik Sinner",119,1,1,2,"W","CTL",4,12,26.936,25.825,0,1.02276422764228,"fucsovics m.","sinner j.",1537.96056683672,1500,2521
"2021-wimbledon-1112","wimbledon",2021,"0:42:30",68,"Marton Fucsovics","Jannik Sinner",102,2,1,2,"BW","NCTL",10,12,49.009,53.266,1,0.876655052264808,"fucsovics m.","sinner j.",1537.96056683672,1500,2550
"2021-wimbledon-1112","wimbledon",2021,"0:43:21",69,"Marton Fucsovics","Jannik Sinner",101,2,1,2,"BW","NCTL",6,12,44.031,35.222,1,0.868060394889663,"fucsovics m.","sinner j.",1537.96056683672,1500,2601
"2021-wimbledon-1112","wimbledon",2021,"0:45:37",70,"Marton Fucsovics","Jannik Sinner",100,2,2,2,"B","NCTL",9,1,34.287,33.035,1,0.849598163030999,"fucsovics m.","sinner j.",1537.96056683672,1500,2737
"2021-wimbledon-1112","wimbledon",2021,"0:46:12",71,"Marton Fucsovics","Jannik Sinner",114,1,2,2,"C","NCTL",3,1,24.414,25.561,0,0.968541905855339,"fucsovics m.","sinner j.",1537.96056683672,1500,2772
"2021-wimbledon-1112","wimbledon",2021,"0:46:30",72,"Marton Fucsovics","Jannik Sinner",116,1,2,2,"W","CTL",3,1,18.04,28.428,0,0.985533869115959,"fucsovics m.","sinner j.",1537.96056683672,1500,2790
"2021-wimbledon-1112","wimbledon",2021,"0:46:51",73,"Marton Fucsovics","Jannik Sinner",84,2,2,2,"BW","NCTL",3,1,20.096,20.234,1,0.713662456946039,"fucsovics m.","sinner j.",1537.96056683672,1500,2811
"2021-wimbledon-1112","wimbledon",2021,"0:47:59",74,"Marton Fucsovics","Jannik Sinner",120,1,1,1,"C","NCTL",3,2,20.998,14.008,1,1.03135888501742,"fucsovics m.","sinner j.",1537.96056683672,1500,2879
"2021-wimbledon-1112","wimbledon",2021,"0:48:23",75,"Marton Fucsovics","Jannik Sinner",95,2,1,1,"W","CTL",9,2,39.501,37.667,0,0.816492450638792,"fucsovics m.","sinner j.",1537.96056683672,1500,2903
"2021-wimbledon-1112","wimbledon",2021,"0:49:07",76,"Marton Fucsovics","Jannik Sinner",122,1,1,1,"C","NCTL",1,2,14.919,12.253,1,1.04854819976771,"fucsovics m.","sinner j.",1537.96056683672,1500,2947
"2021-wimbledon-1112","wimbledon",2021,"0:49:23",77,"Marton Fucsovics","Jannik Sinner",116,1,1,1,"W","CTL",1,2,14.632,12.012,1,0.996980255516841,"fucsovics m.","sinner j.",1537.96056683672,1500,2963
"2021-wimbledon-1112","wimbledon",2021,"0:49:50",78,"Marton Fucsovics","Jannik Sinner",103,2,2,1,"BC","CTL",8,3,42.078,36.773,0,0.875086107921929,"fucsovics m.","sinner j.",1537.96056683672,1500,2990
"2021-wimbledon-1112","wimbledon",2021,"0:50:36",79,"Marton Fucsovics","Jannik Sinner",99,2,2,1,"BW","NCTL",4,3,17.051,19.863,0,0.841102181400689,"fucsovics m.","sinner j.",1537.96056683672,1500,3036
"2021-wimbledon-1112","wimbledon",2021,"0:51:06",80,"Marton Fucsovics","Jannik Sinner",109,1,2,2,"C","CTL",1,3,15.435,18.756,0,0.926061997703789,"fucsovics m.","sinner j.",1537.96056683672,1500,3066
"2021-wimbledon-1112","wimbledon",2021,"0:51:24",81,"Marton Fucsovics","Jannik Sinner",101,2,2,2,"B","NCTL",3,3,32.248,26.916,1,0.858094144661309,"fucsovics m.","sinner j.",1537.96056683672,1500,3084
"2021-wimbledon-1112","wimbledon",2021,"0:52:12",82,"Marton Fucsovics","Jannik Sinner",118,1,2,2,"W","CTL",5,3,21.059,36.988,0,1.00252583237658,"fucsovics m.","sinner j.",1537.96056683672,1500,3132
"2021-wimbledon-1112","wimbledon",2021,"0:52:38",83,"Marton Fucsovics","Jannik Sinner",102,2,2,2,"B","NCTL",1,3,21.131,20.812,1,0.866590126291619,"fucsovics m.","sinner j.",1537.96056683672,1500,3158
"2021-wimbledon-1112","wimbledon",2021,"0:54:48",85,"Marton Fucsovics","Jannik Sinner",108,2,1,1,"BC","NCTL",3,4,19.507,16.235,0,0.928222996515679,"fucsovics m.","sinner j.",1537.96056683672,1500,3288
"2021-wimbledon-1112","wimbledon",2021,"0:55:20",86,"Marton Fucsovics","Jannik Sinner",106,1,1,1,"W","CTL",5,4,36.622,17.06,1,0.911033681765389,"fucsovics m.","sinner j.",1537.96056683672,1500,3320
"2021-wimbledon-1112","wimbledon",2021,"0:55:48",87,"Marton Fucsovics","Jannik Sinner",118,1,1,1,"BW","NCTL",3,4,20.089,15.469,1,1.01416957026713,"fucsovics m.","sinner j.",1537.96056683672,1500,3348
"2021-wimbledon-1112","wimbledon",2021,"0:56:25",88,"Marton Fucsovics","Jannik Sinner",95,2,1,1,"C","NCTL",5,4,32.286,21.284,0,0.816492450638792,"fucsovics m.","sinner j.",1537.96056683672,1500,3385
"2021-wimbledon-1112","wimbledon",2021,"0:57:21",89,"Marton Fucsovics","Jannik Sinner",101,2,2,1,"BW","CTL",4,5,27.338,26.223,0,0.858094144661309,"fucsovics m.","sinner j.",1537.96056683672,1500,3441
"2021-wimbledon-1112","wimbledon",2021,"0:57:51",90,"Marton Fucsovics","Jannik Sinner",82,2,2,2,"B","NCTL",5,5,27.625,23.53,1,0.696670493685419,"fucsovics m.","sinner j.",1537.96056683672,1500,3471
"2021-wimbledon-1112","wimbledon",2021,"0:58:21",91,"Marton Fucsovics","Jannik Sinner",115,1,2,2,"W","CTL",3,5,14.454,23.036,0,0.977037887485649,"fucsovics m.","sinner j.",1537.96056683672,1500,3501
"2021-wimbledon-1112","wimbledon",2021,"0:58:45",92,"Marton Fucsovics","Jannik Sinner",123,1,2,1,"W","CTL",4,5,17.879,25.165,1,1.04500574052813,"fucsovics m.","sinner j.",1537.96056683672,1500,3525
"2021-wimbledon-1112","wimbledon",2021,"0:59:13",93,"Marton Fucsovics","Jannik Sinner",108,2,2,1,"B","CTL",4,5,20.432,29.069,0,0.917566016073479,"fucsovics m.","sinner j.",1537.96056683672,1500,3553
"2021-wimbledon-1112","wimbledon",2021,"0:59:56",94,"Marton Fucsovics","Jannik Sinner",93,2,2,1,"BW","CTL",2,5,21.953,22.618,0,0.790126291618829,"fucsovics m.","sinner j.",1537.96056683672,1500,3596
"2021-wimbledon-1112","wimbledon",2021,"1:01:35",95,"Marton Fucsovics","Jannik Sinner",101,2,1,1,"BC","NCTL",5,6,26.181,24.678,0,0.868060394889663,"fucsovics m.","sinner j.",1537.96056683672,1500,3695
"2021-wimbledon-1112","wimbledon",2021,"1:02:09",96,"Marton Fucsovics","Jannik Sinner",115,1,1,1,"W","CTL",1,6,18.832,16.651,1,0.988385598141696,"fucsovics m.","sinner j.",1537.96056683672,1500,3729
"2021-wimbledon-1112","wimbledon",2021,"1:02:25",97,"Marton Fucsovics","Jannik Sinner",124,1,1,1,"C","NCTL",1,6,14.757,11.736,1,1.065737514518,"fucsovics m.","sinner j.",1537.96056683672,1500,3745
"2021-wimbledon-1112","wimbledon",2021,"1:02:43",98,"Marton Fucsovics","Jannik Sinner",115,1,1,1,"BW","NCTL",1,6,14.65,12.534,1,0.988385598141696,"fucsovics m.","sinner j.",1537.96056683672,1500,3763
"2021-wimbledon-1112","wimbledon",2021,"1:03:17",99,"Marton Fucsovics","Jannik Sinner",111,1,2,2,"W","NCTL",1,7,15.355,17.892,0,0.943053960964409,"fucsovics m.","sinner j.",1537.96056683672,1500,3797
"2021-wimbledon-1112","wimbledon",2021,"1:03:31",100,"Marton Fucsovics","Jannik Sinner",97,2,2,1,"B","NCTL",4,7,26.041,24.732,0,0.824110218140069,"fucsovics m.","sinner j.",1537.96056683672,1500,3811
"2021-wimbledon-1112","wimbledon",2021,"1:03:59",101,"Marton Fucsovics","Jannik Sinner",113,1,2,2,"W","CTL",3,7,17.351,34.074,0,0.960045924225029,"fucsovics m.","sinner j.",1537.96056683672,1500,3839
"2021-wimbledon-1112","wimbledon",2021,"1:04:21",102,"Marton Fucsovics","Jannik Sinner",116,1,2,2,"B","NCTL",3,7,30.958,25.963,0,0.985533869115959,"fucsovics m.","sinner j.",1537.96056683672,1500,3861
"2021-wimbledon-1112","wimbledon",2021,"1:04:42",103,"Marton Fucsovics","Jannik Sinner",119,1,2,1,"BC","NCTL",12,7,25.921,36.339,1,1.01102181400689,"fucsovics m.","sinner j.",1537.96056683672,1500,3882
"2021-wimbledon-1112","wimbledon",2021,"1:05:11",104,"Marton Fucsovics","Jannik Sinner",93,2,2,1,"B","NCTL",2,7,12.431,13.917,0,0.790126291618829,"fucsovics m.","sinner j.",1537.96056683672,1500,3911
"2021-wimbledon-1112","wimbledon",2021,"1:05:47",105,"Marton Fucsovics","Jannik Sinner",122,1,2,1,"BC","NCTL",10,7,40.843,43.17,1,1.03650975889782,"fucsovics m.","sinner j.",1537.96056683672,1500,3947
"2021-wimbledon-1112","wimbledon",2021,"1:06:36",106,"Marton Fucsovics","Jannik Sinner",122,1,2,2,"C","NCTL",1,7,14.525,19.801,0,1.03650975889782,"fucsovics m.","sinner j.",1537.96056683672,1500,3996
"2021-wimbledon-1112","wimbledon",2021,"1:06:56",107,"Marton Fucsovics","Jannik Sinner",101,2,2,2,"BC","NCTL",1,7,17.816,3.455,1,0.858094144661309,"fucsovics m.","sinner j.",1537.96056683672,1500,4016
"2021-wimbledon-1112","wimbledon",2021,"1:07:20",108,"Marton Fucsovics","Jannik Sinner",97,2,2,1,"BW","NCTL",14,7,49.777,54.569,0,0.824110218140069,"fucsovics m.","sinner j.",1537.96056683672,1500,4040
"2021-wimbledon-1112","wimbledon",2021,"1:08:12",109,"Marton Fucsovics","Jannik Sinner",95,2,2,2,"BC","NCTL",5,7,24.314,26.898,1,0.807118254879449,"fucsovics m.","sinner j.",1537.96056683672,1500,4092
"2021-wimbledon-1112","wimbledon",2021,"1:08:49",110,"Marton Fucsovics","Jannik Sinner",100,2,2,1,"BW","NCTL",2,7,19.668,21.7,0,0.849598163030999,"fucsovics m.","sinner j.",1537.96056683672,1500,4129
"2021-wimbledon-1112","wimbledon",2021,"1:09:29",111,"Marton Fucsovics","Jannik Sinner",112,1,2,2,"W","CTL",1,7,12.388,15.406,0,0.951549942594719,"fucsovics m.","sinner j.",1537.96056683672,1500,4169
"2021-wimbledon-1112","wimbledon",2021,"1:09:47",112,"Marton Fucsovics","Jannik Sinner",95,2,2,1,"B","NCTL",4,7,22.019,17.935,0,0.807118254879449,"fucsovics m.","sinner j.",1537.96056683672,1500,4187
"2021-wimbledon-1112","wimbledon",2021,"1:10:55",114,"Marton Fucsovics","Jannik Sinner",102,2,2,2,"B","NCTL",3,7,18.932,22.49,1,0.866590126291619,"fucsovics m.","sinner j.",1537.96056683672,1500,4255
"2021-wimbledon-1112","wimbledon",2021,"1:11:26",115,"Marton Fucsovics","Jannik Sinner",104,2,2,1,"B","NCTL",2,7,21.11,17.62,0,0.883582089552239,"fucsovics m.","sinner j.",1537.96056683672,1500,4286
"2021-wimbledon-1112","wimbledon",2021,"1:11:54",116,"Marton Fucsovics","Jannik Sinner",120,1,2,1,"C","NCTL",4,7,20.434,26.311,1,1.0195177956372,"fucsovics m.","sinner j.",1537.96056683672,1500,4314
"2021-wimbledon-1112","wimbledon",2021,"1:13:25",117,"Marton Fucsovics","Jannik Sinner",104,2,1,2,"B","NCTL",10,8,47.018,42.614,1,0.893844367015099,"fucsovics m.","sinner j.",1537.96056683672,1500,4405
"2021-wimbledon-1112","wimbledon",2021,"1:14:11",118,"Marton Fucsovics","Jannik Sinner",102,2,1,2,"BW","NCTL",2,8,20.675,17.105,1,0.876655052264808,"fucsovics m.","sinner j.",1537.96056683672,1500,4451
"2021-wimbledon-1112","wimbledon",2021,"1:14:48",119,"Marton Fucsovics","Jannik Sinner",118,1,1,2,"B","NCTL",4,8,38.054,35.448,0,1.01416957026713,"fucsovics m.","sinner j.",1537.96056683672,1500,4488
"2021-wimbledon-1112","wimbledon",2021,"1:15:19",120,"Marton Fucsovics","Jannik Sinner",108,2,1,2,"B","NCTL",8,8,43.018,51.79,1,0.928222996515679,"fucsovics m.","sinner j.",1537.96056683672,1500,4519
"2021-wimbledon-1112","wimbledon",2021,"1:16:17",121,"Marton Fucsovics","Jannik Sinner",110,1,2,1,"W","CTL",14,9,52.75,55.427,1,0.934557979334099,"fucsovics m.","sinner j.",1537.96056683672,1500,4577
"2021-wimbledon-1112","wimbledon",2021,"1:16:55",122,"Marton Fucsovics","Jannik Sinner",116,1,2,2,"BW","NCTL",7,9,37.97,46.196,0,0.985533869115959,"fucsovics m.","sinner j.",1537.96056683672,1500,4615
"2021-wimbledon-1112","wimbledon",2021,"1:17:29",123,"Marton Fucsovics","Jannik Sinner",112,1,2,1,"B","NCTL",10,9,32.498,39.468,1,0.951549942594719,"fucsovics m.","sinner j.",1537.96056683672,1500,4649
"2021-wimbledon-1112","wimbledon",2021,"1:18:26",124,"Marton Fucsovics","Jannik Sinner",99,2,2,1,"B","NCTL",2,9,22.485,28.621,0,0.841102181400689,"fucsovics m.","sinner j.",1537.96056683672,1500,4706
"2021-wimbledon-1112","wimbledon",2021,"1:18:55",125,"Marton Fucsovics","Jannik Sinner",124,1,2,1,"C","CTL",8,9,36.498,27.191,1,1.05350172215844,"fucsovics m.","sinner j.",1537.96056683672,1500,4735
"2021-wimbledon-1112","wimbledon",2021,"1:28:31",127,"Marton Fucsovics","Jannik Sinner",117,1,1,1,"C","NCTL",1,1,17.027,15.199,1,1.00557491289199,"fucsovics m.","sinner j.",1537.96056683672,1500,5311
"2021-wimbledon-1112","wimbledon",2021,"1:28:49",128,"Marton Fucsovics","Jannik Sinner",102,2,1,2,"BC","NCTL",2,1,16.82,15.468,1,0.876655052264808,"fucsovics m.","sinner j.",1537.96056683672,1500,5329
"2021-wimbledon-1112","wimbledon",2021,"1:29:22",129,"Marton Fucsovics","Jannik Sinner",97,2,1,1,"B","NCTL",1,1,13.785,12.015,0,0.833681765389082,"fucsovics m.","sinner j.",1537.96056683672,1500,5362
"2021-wimbledon-1112","wimbledon",2021,"1:30:11",130,"Marton Fucsovics","Jannik Sinner",102,2,1,1,"W","CTL",1,1,14.891,12.336,0,0.876655052264808,"fucsovics m.","sinner j.",1537.96056683672,1500,5411
"2021-wimbledon-1112","wimbledon",2021,"1:30:43",131,"Marton Fucsovics","Jannik Sinner",86,2,1,2,"BW","NCTL",8,1,41.06,53.603,1,0.739140534262485,"fucsovics m.","sinner j.",1537.96056683672,1500,5443
"2021-wimbledon-1112","wimbledon",2021,"1:31:47",132,"Marton Fucsovics","Jannik Sinner",114,1,1,2,"W","CTL",2,1,21.119,15.202,0,0.97979094076655,"fucsovics m.","sinner j.",1537.96056683672,1500,5507
"2021-wimbledon-1112","wimbledon",2021,"1:32:12",133,"Marton Fucsovics","Jannik Sinner",120,1,1,1,"B","CTL",3,1,21.578,18.457,1,1.03135888501742,"fucsovics m.","sinner j.",1537.96056683672,1500,5532
"2021-wimbledon-1112","wimbledon",2021,"1:32:37",134,"Marton Fucsovics","Jannik Sinner",119,1,1,1,"BC","CTL",3,1,20.736,17.556,1,1.02276422764228,"fucsovics m.","sinner j.",1537.96056683672,1500,5557
"2021-wimbledon-1112","wimbledon",2021,"1:32:59",135,"Marton Fucsovics","Jannik Sinner",117,1,1,2,"BW","NCTL",8,1,38.99,34.373,0,1.00557491289199,"fucsovics m.","sinner j.",1537.96056683672,1500,5579
"2021-wimbledon-1112","wimbledon",2021,"1:33:34",136,"Marton Fucsovics","Jannik Sinner",110,1,1,1,"W","CTL",1,1,14.175,12.176,1,0.94541231126597,"fucsovics m.","sinner j.",1537.96056683672,1500,5614
"2021-wimbledon-1112","wimbledon",2021,"1:33:55",137,"Marton Fucsovics","Jannik Sinner",105,2,1,2,"C","NCTL",2,1,21.31,19.136,1,0.902439024390244,"fucsovics m.","sinner j.",1537.96056683672,1500,5635
"2021-wimbledon-1112","wimbledon",2021,"1:34:30",138,"Marton Fucsovics","Jannik Sinner",105,2,1,2,"B","NCTL",6,1,31.596,29.652,1,0.902439024390244,"fucsovics m.","sinner j.",1537.96056683672,1500,5670
"2021-wimbledon-1112","wimbledon",2021,"1:36:24",139,"Marton Fucsovics","Jannik Sinner",97,2,1,1,"","",1,1,0,0,0,0.833681765389082,"fucsovics m.","sinner j.",1537.96056683672,1500,5784
"2021-wimbledon-1112","wimbledon",2021,"1:36:56",140,"Marton Fucsovics","Jannik Sinner",122,1,1,1,"C","NCTL",3,1,18.978,22.135,1,1.04854819976771,"fucsovics m.","sinner j.",1537.96056683672,1500,5816
"2021-wimbledon-1112","wimbledon",2021,"1:37:59",142,"Marton Fucsovics","Jannik Sinner",118,1,1,1,"C","NCTL",5,1,27.5,27.177,1,1.01416957026713,"fucsovics m.","sinner j.",1537.96056683672,1500,5879
"2021-wimbledon-1112","wimbledon",2021,"1:38:24",143,"Marton Fucsovics","Jannik Sinner",116,1,1,1,"B","NCTL",5,1,29.371,26.509,1,0.996980255516841,"fucsovics m.","sinner j.",1537.96056683672,1500,5904
"2021-wimbledon-1112","wimbledon",2021,"1:39:21",144,"Marton Fucsovics","Jannik Sinner",113,1,2,1,"B","NCTL",10,2,44.5,51.085,1,0.960045924225029,"fucsovics m.","sinner j.",1537.96056683672,1500,5961
"2021-wimbledon-1112","wimbledon",2021,"1:39:54",145,"Marton Fucsovics","Jannik Sinner",89,2,2,2,"BW","CTL",5,2,32.07,29.571,1,0.756142365097589,"fucsovics m.","sinner j.",1537.96056683672,1500,5994
"2021-wimbledon-1112","wimbledon",2021,"1:40:29",146,"Marton Fucsovics","Jannik Sinner",114,1,2,2,"W","CTL",3,2,17.106,23.086,0,0.968541905855339,"fucsovics m.","sinner j.",1537.96056683672,1500,6029
"2021-wimbledon-1112","wimbledon",2021,"1:40:48",147,"Marton Fucsovics","Jannik Sinner",118,1,2,2,"BC","NCTL",1,2,18.617,17.829,0,1.00252583237658,"fucsovics m.","sinner j.",1537.96056683672,1500,6048
"2021-wimbledon-1112","wimbledon",2021,"1:41:07",148,"Marton Fucsovics","Jannik Sinner",95,2,2,2,"","",1,2,0,0,1,0.807118254879449,"fucsovics m.","sinner j.",1537.96056683672,1500,6067
"2021-wimbledon-1112","wimbledon",2021,"1:41:56",149,"Marton Fucsovics","Jannik Sinner",115,1,1,2,"W","NCTL",4,3,26.019,22.768,0,0.988385598141696,"fucsovics m.","sinner j.",1537.96056683672,1500,6116
"2021-wimbledon-1112","wimbledon",2021,"1:42:24",150,"Marton Fucsovics","Jannik Sinner",104,2,1,1,"W","CTL",3,3,22.545,19.241,0,0.893844367015099,"fucsovics m.","sinner j.",1537.96056683672,1500,6144
"2021-wimbledon-1112","wimbledon",2021,"1:42:55",151,"Marton Fucsovics","Jannik Sinner",113,1,1,1,"W","CTL",7,3,31.664,19.411,1,0.971196283391405,"fucsovics m.","sinner j.",1537.96056683672,1500,6175
"2021-wimbledon-1112","wimbledon",2021,"1:43:25",152,"Marton Fucsovics","Jannik Sinner",111,2,1,2,"B","CTL",6,3,29.042,25.368,1,0.954006968641115,"fucsovics m.","sinner j.",1537.96056683672,1500,6205
"2021-wimbledon-1112","wimbledon",2021,"1:44:07",153,"Marton Fucsovics","Jannik Sinner",108,1,1,1,"BW","NCTL",3,3,20.728,18.818,1,0.928222996515679,"fucsovics m.","sinner j.",1537.96056683672,1500,6247
"2021-wimbledon-1112","wimbledon",2021,"1:44:30",154,"Marton Fucsovics","Jannik Sinner",118,1,1,1,"C","NCTL",1,3,18.818,14.941,1,1.01416957026713,"fucsovics m.","sinner j.",1537.96056683672,1500,6270
"2021-wimbledon-1112","wimbledon",2021,"1:46:01",155,"Marton Fucsovics","Jannik Sinner",112,1,2,1,"B","NCTL",12,4,96.58,88.524,1,0.951549942594719,"fucsovics m.","sinner j.",1537.96056683672,1500,6361
"2021-wimbledon-1112","wimbledon",2021,"1:46:40",156,"Marton Fucsovics","Jannik Sinner",122,1,2,2,"C","NCTL",7,4,34.347,33.663,0,1.03650975889782,"fucsovics m.","sinner j.",1537.96056683672,1500,6400
"2021-wimbledon-1112","wimbledon",2021,"1:47:20",157,"Marton Fucsovics","Jannik Sinner",124,1,2,1,"C","NCTL",8,4,45.543,33.603,1,1.05350172215844,"fucsovics m.","sinner j.",1537.96056683672,1500,6440
"2021-wimbledon-1112","wimbledon",2021,"1:47:58",158,"Marton Fucsovics","Jannik Sinner",124,1,2,2,"BW","NCTL",1,4,3.148,3.103,0,1.05350172215844,"fucsovics m.","sinner j.",1537.96056683672,1500,6478
"2021-wimbledon-1112","wimbledon",2021,"1:48:15",159,"Marton Fucsovics","Jannik Sinner",104,2,2,2,"B","NCTL",9,4,39.22,44.875,1,0.883582089552239,"fucsovics m.","sinner j.",1537.96056683672,1500,6495
"2021-wimbledon-1112","wimbledon",2021,"1:48:52",160,"Marton Fucsovics","Jannik Sinner",97,2,2,2,"BW","NCTL",7,4,20.39,38.641,1,0.824110218140069,"fucsovics m.","sinner j.",1537.96056683672,1500,6532
"2021-wimbledon-1112","wimbledon",2021,"1:49:59",161,"Marton Fucsovics","Jannik Sinner",120,1,1,1,"C","NCTL",1,5,14.161,12.244,1,1.03135888501742,"fucsovics m.","sinner j.",1537.96056683672,1500,6599
"2021-wimbledon-1112","wimbledon",2021,"1:50:16",162,"Marton Fucsovics","Jannik Sinner",115,1,1,1,"W","CTL",1,5,15.125,0,1,0.988385598141696,"fucsovics m.","sinner j.",1537.96056683672,1500,6616
"2021-wimbledon-1112","wimbledon",2021,"1:50:33",163,"Marton Fucsovics","Jannik Sinner",119,1,1,1,"C","NCTL",3,5,21.056,18.455,1,1.02276422764228,"fucsovics m.","sinner j.",1537.96056683672,1500,6633
"2021-wimbledon-1112","wimbledon",2021,"1:50:53",164,"Marton Fucsovics","Jannik Sinner",110,1,1,1,"W","CTL",1,5,20.167,19.437,1,0.94541231126597,"fucsovics m.","sinner j.",1537.96056683672,1500,6653
"2021-wimbledon-1112","wimbledon",2021,"1:52:28",165,"Marton Fucsovics","Jannik Sinner",116,1,2,2,"BC","NCTL",3,6,17.42,21.261,0,0.985533869115959,"fucsovics m.","sinner j.",1537.96056683672,1500,6748
"2021-wimbledon-1112","wimbledon",2021,"1:52:50",166,"Marton Fucsovics","Jannik Sinner",117,1,2,2,"B","CTL",1,6,14.251,18.425,0,0.994029850746269,"fucsovics m.","sinner j.",1537.96056683672,1500,6770
"2021-wimbledon-1112","wimbledon",2021,"1:53:06",167,"Marton Fucsovics","Jannik Sinner",117,1,2,2,"BC","NCTL",3,6,15.235,17.688,0,0.994029850746269,"fucsovics m.","sinner j.",1537.96056683672,1500,6786
"2021-wimbledon-1112","wimbledon",2021,"1:53:26",168,"Marton Fucsovics","Jannik Sinner",109,1,2,1,"B","NCTL",6,6,28.411,28.078,1,0.926061997703789,"fucsovics m.","sinner j.",1537.96056683672,1500,6806
"2021-wimbledon-1112","wimbledon",2021,"1:53:54",169,"Marton Fucsovics","Jannik Sinner",125,1,2,2,"C","CTL",1,6,12.516,15.697,0,1.06199770378875,"fucsovics m.","sinner j.",1537.96056683672,1500,6834
"2021-wimbledon-1112","wimbledon",2021,"1:54:32",170,"Marton Fucsovics","Jannik Sinner",105,2,1,1,"BC","NCTL",15,7,55.507,62.508,0,0.902439024390244,"fucsovics m.","sinner j.",1537.96056683672,1500,6872
"2021-wimbledon-1112","wimbledon",2021,"1:55:32",171,"Marton Fucsovics","Jannik Sinner",120,1,1,2,"C","NCTL",4,7,19.008,22.294,0,1.03135888501742,"fucsovics m.","sinner j.",1537.96056683672,1500,6932
"2021-wimbledon-1112","wimbledon",2021,"1:56:04",172,"Marton Fucsovics","Jannik Sinner",108,2,1,2,"W","CTL",8,7,44.458,24.734,1,0.928222996515679,"fucsovics m.","sinner j.",1537.96056683672,1500,6964
"2021-wimbledon-1112","wimbledon",2021,"1:56:53",173,"Marton Fucsovics","Jannik Sinner",103,2,1,1,"BW","NCTL",7,7,30.972,31.744,0,0.885249709639954,"fucsovics m.","sinner j.",1537.96056683672,1500,7013
"2021-wimbledon-1112","wimbledon",2021,"1:57:45",174,"Marton Fucsovics","Jannik Sinner",109,2,1,2,"W","NCTL",2,7,16.766,15.145,1,0.936817653890825,"fucsovics m.","sinner j.",1537.96056683672,1500,7065
"2021-wimbledon-1112","wimbledon",2021,"1:58:18",175,"Marton Fucsovics","Jannik Sinner",119,1,1,1,"BW","CTL",1,7,14.494,12.642,1,1.02276422764228,"fucsovics m.","sinner j.",1537.96056683672,1500,7098
"2021-wimbledon-1112","wimbledon",2021,"1:58:39",176,"Marton Fucsovics","Jannik Sinner",116,1,1,2,"W","CTL",4,7,24.404,23.097,0,0.996980255516841,"fucsovics m.","sinner j.",1537.96056683672,1500,7119
"2021-wimbledon-1112","wimbledon",2021,"1:59:12",177,"Marton Fucsovics","Jannik Sinner",102,2,1,1,"BW","NCTL",3,7,21.155,19.832,0,0.876655052264808,"fucsovics m.","sinner j.",1537.96056683672,1500,7152
"2021-wimbledon-1112","wimbledon",2021,"1:59:53",178,"Marton Fucsovics","Jannik Sinner",117,1,1,1,"BC","NCTL",7,7,35.829,29.048,1,1.00557491289199,"fucsovics m.","sinner j.",1537.96056683672,1500,7193
"2021-wimbledon-1112","wimbledon",2021,"2:00:28",179,"Marton Fucsovics","Jannik Sinner",106,2,1,1,"C","NCTL",1,7,18.547,13.373,0,0.911033681765389,"fucsovics m.","sinner j.",1537.96056683672,1500,7228
"2021-wimbledon-1112","wimbledon",2021,"2:02:09",180,"Marton Fucsovics","Jannik Sinner",114,1,2,2,"BW","NCTL",7,8,39.186,34.796,0,0.968541905855339,"fucsovics m.","sinner j.",1537.96056683672,1500,7329
"2021-wimbledon-1112","wimbledon",2021,"2:02:36",181,"Marton Fucsovics","Jannik Sinner",115,1,2,2,"BC","NCTL",1,8,12.181,14.716,0,0.977037887485649,"fucsovics m.","sinner j.",1537.96056683672,1500,7356
"2021-wimbledon-1112","wimbledon",2021,"2:02:52",182,"Marton Fucsovics","Jannik Sinner",119,1,2,2,"BC","CTL",1,8,19.438,17.854,0,1.01102181400689,"fucsovics m.","sinner j.",1537.96056683672,1500,7372
"2021-wimbledon-1112","wimbledon",2021,"2:03:44",184,"Marton Fucsovics","Jannik Sinner",116,1,2,2,"BC","NCTL",3,8,26.703,30.338,0,0.985533869115959,"fucsovics m.","sinner j.",1537.96056683672,1500,7424
"2021-wimbledon-1112","wimbledon",2021,"2:04:26",185,"Marton Fucsovics","Jannik Sinner",119,1,1,1,"C","CTL",1,9,22.838,19.825,1,1.02276422764228,"fucsovics m.","sinner j.",1537.96056683672,1500,7466
"2021-wimbledon-1112","wimbledon",2021,"2:04:52",186,"Marton Fucsovics","Jannik Sinner",115,1,1,1,"W","CTL",1,9,22.834,23.105,1,0.988385598141696,"fucsovics m.","sinner j.",1537.96056683672,1500,7492
"2021-wimbledon-1112","wimbledon",2021,"2:05:10",187,"Marton Fucsovics","Jannik Sinner",124,1,1,2,"C","NCTL",4,9,28.495,21.962,0,1.065737514518,"fucsovics m.","sinner j.",1537.96056683672,1500,7510
"2021-wimbledon-1112","wimbledon",2021,"2:05:42",188,"Marton Fucsovics","Jannik Sinner",117,1,1,1,"BC","CTL",1,9,21.414,24.732,1,1.00557491289199,"fucsovics m.","sinner j.",1537.96056683672,1500,7542
"2021-wimbledon-1112","wimbledon",2021,"2:06:01",189,"Marton Fucsovics","Jannik Sinner",103,2,1,1,"C","NCTL",1,9,17.51,17.561,0,0.885249709639954,"fucsovics m.","sinner j.",1537.96056683672,1500,7561
"2021-wimbledon-1112","wimbledon",2021,"2:07:48",190,"Marton Fucsovics","Jannik Sinner",100,1,2,2,"B","CTL",5,10,25.895,33.661,0,0.849598163030999,"fucsovics m.","sinner j.",1537.96056683672,1500,7668
"2021-wimbledon-1112","wimbledon",2021,"2:08:13",191,"Marton Fucsovics","Jannik Sinner",114,1,2,2,"BW","CTL",7,10,49.035,33.64,0,0.968541905855339,"fucsovics m.","sinner j.",1537.96056683672,1500,7693
"2021-wimbledon-1112","wimbledon",2021,"2:08:46",192,"Marton Fucsovics","Jannik Sinner",118,1,2,1,"BC","NCTL",10,10,39.723,43.549,1,1.00252583237658,"fucsovics m.","sinner j.",1537.96056683672,1500,7726
"2021-wimbledon-1112","wimbledon",2021,"2:09:28",193,"Marton Fucsovics","Jannik Sinner",90,2,2,2,"BW","NCTL",7,10,33.53,30.153,1,0.764638346727899,"fucsovics m.","sinner j.",1537.96056683672,1500,7768
"2021-wimbledon-1112","wimbledon",2021,"2:10:06",194,"Marton Fucsovics","Jannik Sinner",114,1,2,2,"W","CTL",5,10,27.504,36.129,0,0.968541905855339,"fucsovics m.","sinner j.",1537.96056683672,1500,7806
"2021-wimbledon-1112","wimbledon",2021,"2:10:52",195,"Marton Fucsovics","Jannik Sinner",112,1,1,1,"W","CTL",5,11,28.077,15.857,1,0.96260162601626,"fucsovics m.","sinner j.",1537.96056683672,1500,7852
"2021-wimbledon-1112","wimbledon",2021,"2:11:17",196,"Marton Fucsovics","Jannik Sinner",105,2,1,1,"B","NCTL",5,11,23.416,24.38,0,0.902439024390244,"fucsovics m.","sinner j.",1537.96056683672,1500,7877
"2021-wimbledon-1112","wimbledon",2021,"2:11:53",197,"Marton Fucsovics","Jannik Sinner",113,1,1,1,"C","NCTL",5,11,20.014,19.558,1,0.971196283391405,"fucsovics m.","sinner j.",1537.96056683672,1500,7913
"2021-wimbledon-1112","wimbledon",2021,"2:12:15",198,"Marton Fucsovics","Jannik Sinner",106,2,1,2,"W","CTL",4,11,25.65,28.113,1,0.911033681765389,"fucsovics m.","sinner j.",1537.96056683672,1500,7935
"2021-wimbledon-1112","wimbledon",2021,"2:12:50",199,"Marton Fucsovics","Jannik Sinner",121,1,1,1,"BC","NCTL",3,11,24.568,19.863,1,1.03995354239257,"fucsovics m.","sinner j.",1537.96056683672,1500,7970
"2021-wimbledon-1112","wimbledon",2021,"2:14:29",200,"Marton Fucsovics","Jannik Sinner",101,2,2,1,"BW","CTL",2,12,16.892,21.804,0,0.858094144661309,"fucsovics m.","sinner j.",1537.96056683672,1500,8069
"2021-wimbledon-1112","wimbledon",2021,"2:14:55",201,"Marton Fucsovics","Jannik Sinner",124,1,2,1,"W","CTL",2,12,16.048,18.601,1,1.05350172215844,"fucsovics m.","sinner j.",1537.96056683672,1500,8095
"2021-wimbledon-1112","wimbledon",2021,"2:15:23",202,"Marton Fucsovics","Jannik Sinner",118,1,2,2,"W","CTL",5,12,27.397,29.262,0,1.00252583237658,"fucsovics m.","sinner j.",1537.96056683672,1500,8123
"2021-wimbledon-1112","wimbledon",2021,"2:15:49",203,"Marton Fucsovics","Jannik Sinner",117,1,2,1,"BC","NCTL",2,12,16.764,17.709,1,0.994029850746269,"fucsovics m.","sinner j.",1537.96056683672,1500,8149
"2021-wimbledon-1112","wimbledon",2021,"2:16:11",204,"Marton Fucsovics","Jannik Sinner",119,1,2,2,"W","CTL",1,12,12.093,16.247,0,1.01102181400689,"fucsovics m.","sinner j.",1537.96056683672,1500,8171
"2021-wimbledon-1112","wimbledon",2021,"2:16:38",205,"Marton Fucsovics","Jannik Sinner",126,1,2,1,"BW","NCTL",6,12,31.362,39.403,1,1.07049368541906,"fucsovics m.","sinner j.",1537.96056683672,1500,8198
"2021-wimbledon-1112","wimbledon",2021,"2:19:01",206,"Marton Fucsovics","Jannik Sinner",113,1,1,1,"W","CTL",1,1,28.693,0,1,0.971196283391405,"fucsovics m.","sinner j.",1537.96056683672,1500,8341
"2021-wimbledon-1112","wimbledon",2021,"2:19:32",207,"Marton Fucsovics","Jannik Sinner",113,1,1,2,"BW","NCTL",8,1,33.672,32.735,0,0.971196283391405,"fucsovics m.","sinner j.",1537.96056683672,1500,8372
"2021-wimbledon-1112","wimbledon",2021,"2:20:26",208,"Marton Fucsovics","Jannik Sinner",102,2,1,2,"BC","NCTL",4,1,26.227,31.623,1,0.876655052264808,"fucsovics m.","sinner j.",1537.96056683672,1500,8426
"2021-wimbledon-1112","wimbledon",2021,"2:21:10",209,"Marton Fucsovics","Jannik Sinner",117,1,1,1,"C","NCTL",1,1,17.277,18.204,1,1.00557491289199,"fucsovics m.","sinner j.",1537.96056683672,1500,8470
"2021-wimbledon-1112","wimbledon",2021,"2:21:32",210,"Marton Fucsovics","Jannik Sinner",115,1,1,2,"W","NCTL",2,1,29.619,19.113,0,0.988385598141696,"fucsovics m.","sinner j.",1537.96056683672,1500,8492
"2021-wimbledon-1112","wimbledon",2021,"2:21:58",211,"Marton Fucsovics","Jannik Sinner",120,1,1,2,"C","NCTL",2,1,17.429,14.71,0,1.03135888501742,"fucsovics m.","sinner j.",1537.96056683672,1500,8518
"2021-wimbledon-1112","wimbledon",2021,"2:22:53",212,"Marton Fucsovics","Jannik Sinner",118,1,2,2,"B","NCTL",3,2,15.962,26.614,0,1.00252583237658,"fucsovics m.","sinner j.",1537.96056683672,1500,8573
"2021-wimbledon-1112","wimbledon",2021,"2:23:13",213,"Marton Fucsovics","Jannik Sinner",116,1,2,1,"B","NCTL",2,2,17.317,20.227,1,0.985533869115959,"fucsovics m.","sinner j.",1537.96056683672,1500,8593
"2021-wimbledon-1112","wimbledon",2021,"2:23:37",214,"Marton Fucsovics","Jannik Sinner",102,2,2,1,"B","CTL",4,2,25.176,24.284,0,0.866590126291619,"fucsovics m.","sinner j.",1537.96056683672,1500,8617
"2021-wimbledon-1112","wimbledon",2021,"2:24:19",215,"Marton Fucsovics","Jannik Sinner",94,2,2,1,"BW","CTL",12,2,51.202,44.295,0,0.798622273249139,"fucsovics m.","sinner j.",1537.96056683672,1500,8659
"2021-wimbledon-1112","wimbledon",2021,"2:25:18",216,"Marton Fucsovics","Jannik Sinner",122,1,2,2,"BC","NCTL",1,2,12.31,14.617,0,1.03650975889782,"fucsovics m.","sinner j.",1537.96056683672,1500,8718
"2021-wimbledon-1112","wimbledon",2021,"2:25:41",217,"Marton Fucsovics","Jannik Sinner",94,2,2,2,"BW","NCTL",5,2,29.124,26.743,1,0.798622273249139,"fucsovics m.","sinner j.",1537.96056683672,1500,8741
"2021-wimbledon-1112","wimbledon",2021,"2:26:14",218,"Marton Fucsovics","Jannik Sinner",96,2,2,1,"B","NCTL",2,2,23.015,20.37,0,0.815614236509759,"fucsovics m.","sinner j.",1537.96056683672,1500,8774
"2021-wimbledon-1112","wimbledon",2021,"2:27:34",220,"Marton Fucsovics","Jannik Sinner",97,2,1,2,"B","NCTL",8,3,38.559,40.583,1,0.833681765389082,"fucsovics m.","sinner j.",1537.96056683672,1500,8854
"2021-wimbledon-1112","wimbledon",2021,"2:28:53",222,"Marton Fucsovics","Jannik Sinner",106,2,1,1,"W","CTL",5,3,32.968,29.423,0,0.911033681765389,"fucsovics m.","sinner j.",1537.96056683672,1500,8933
"2021-wimbledon-1112","wimbledon",2021,"2:29:38",223,"Marton Fucsovics","Jannik Sinner",120,1,1,1,"W","CTL",5,3,32.345,24.128,1,1.03135888501742,"fucsovics m.","sinner j.",1537.96056683672,1500,8978
"2021-wimbledon-1112","wimbledon",2021,"2:30:10",224,"Marton Fucsovics","Jannik Sinner",114,1,1,1,"W","CTL",3,3,32.326,19.11,1,0.97979094076655,"fucsovics m.","sinner j.",1537.96056683672,1500,9010
"2021-wimbledon-1112","wimbledon",2021,"2:30:37",225,"Marton Fucsovics","Jannik Sinner",101,2,1,2,"BW","NCTL",4,3,19.282,19.244,1,0.868060394889663,"fucsovics m.","sinner j.",1537.96056683672,1500,9037
"2021-wimbledon-1112","wimbledon",2021,"2:31:16",226,"Marton Fucsovics","Jannik Sinner",107,2,1,1,"BC","CTL",3,3,25.402,20.241,0,0.919628339140534,"fucsovics m.","sinner j.",1537.96056683672,1500,9076
"2021-wimbledon-1112","wimbledon",2021,"2:31:52",227,"Marton Fucsovics","Jannik Sinner",110,2,1,1,"BC","NCTL",3,3,27.102,27.793,0,0.94541231126597,"fucsovics m.","sinner j.",1537.96056683672,1500,9112
"2021-wimbledon-1112","wimbledon",2021,"2:33:42",228,"Marton Fucsovics","Jannik Sinner",95,2,2,1,"BC","NCTL",2,4,14.96,16.427,0,0.807118254879449,"fucsovics m.","sinner j.",1537.96056683672,1500,9222
"2021-wimbledon-1112","wimbledon",2021,"2:35:18",231,"Marton Fucsovics","Jannik Sinner",120,1,2,2,"W","CTL",5,4,28.988,35.59,0,1.0195177956372,"fucsovics m.","sinner j.",1537.96056683672,1500,9318
"2021-wimbledon-1112","wimbledon",2021,"2:35:47",232,"Marton Fucsovics","Jannik Sinner",123,1,2,2,"C","NCTL",3,4,20.861,20.622,0,1.04500574052813,"fucsovics m.","sinner j.",1537.96056683672,1500,9347
"2021-wimbledon-1112","wimbledon",2021,"2:36:28",233,"Marton Fucsovics","Jannik Sinner",114,1,1,1,"W","CTL",5,5,37.945,25.311,1,0.97979094076655,"fucsovics m.","sinner j.",1537.96056683672,1500,9388
"2021-wimbledon-1112","wimbledon",2021,"2:36:53",234,"Marton Fucsovics","Jannik Sinner",93,2,1,2,"BW","NCTL",2,5,15.92,16.297,1,0.799303135888502,"fucsovics m.","sinner j.",1537.96056683672,1500,9413
"2021-wimbledon-1112","wimbledon",2021,"2:37:29",235,"Marton Fucsovics","Jannik Sinner",121,1,1,1,"C","NCTL",5,5,28.958,27.657,1,1.03995354239257,"fucsovics m.","sinner j.",1537.96056683672,1500,9449
"2021-wimbledon-1112","wimbledon",2021,"2:37:55",236,"Marton Fucsovics","Jannik Sinner",92,2,1,2,"BW","NCTL",4,5,23.483,21.998,1,0.790708478513357,"fucsovics m.","sinner j.",1537.96056683672,1500,9475
"2021-wimbledon-1112","wimbledon",2021,"2:38:35",237,"Marton Fucsovics","Jannik Sinner",102,2,1,2,"BW","NCTL",6,5,31.968,37.374,1,0.876655052264808,"fucsovics m.","sinner j.",1537.96056683672,1500,9515
"2021-wimbledon-1112","wimbledon",2021,"2:39:23",238,"Marton Fucsovics","Jannik Sinner",96,2,1,2,"BW","NCTL",14,5,57.627,58.653,1,0.825087108013937,"fucsovics m.","sinner j.",1537.96056683672,1500,9563
"2021-wimbledon-1112","wimbledon",2021,"2:41:46",240,"Marton Fucsovics","Jannik Sinner",119,1,2,1,"C","NCTL",10,6,41.567,42.285,1,1.01102181400689,"fucsovics m.","sinner j.",1537.96056683672,1500,9706
"2021-wimbledon-1112","wimbledon",2021,"2:42:27",241,"Marton Fucsovics","Jannik Sinner",118,1,2,1,"B","NCTL",2,6,16.651,20.848,1,1.00252583237658,"fucsovics m.","sinner j.",1537.96056683672,1500,9747
"2021-wimbledon-1112","wimbledon",2021,"2:42:54",242,"Marton Fucsovics","Jannik Sinner",91,2,2,2,"W","CTL",5,6,29.684,28.559,1,0.773134328358209,"fucsovics m.","sinner j.",1537.96056683672,1500,9774
"2021-wimbledon-1112","wimbledon",2021,"2:43:38",243,"Marton Fucsovics","Jannik Sinner",124,1,2,2,"C","CTL",1,6,12.29,15.22,0,1.05350172215844,"fucsovics m.","sinner j.",1537.96056683672,1500,9818
"2021-wimbledon-1112","wimbledon",2021,"2:44:04",244,"Marton Fucsovics","Jannik Sinner",89,2,2,2,"B","NCTL",1,6,17.417,16.589,1,0.756142365097589,"fucsovics m.","sinner j.",1537.96056683672,1500,9844
"2021-wimbledon-1112","wimbledon",2021,"2:44:30",245,"Marton Fucsovics","Jannik Sinner",115,1,2,1,"B","NCTL",12,6,49.156,56.045,1,0.977037887485649,"fucsovics m.","sinner j.",1537.96056683672,1500,9870
"2021-wimbledon-1112","wimbledon",2021,"2:45:10",246,"Marton Fucsovics","Jannik Sinner",117,1,2,2,"W","CTL",1,6,12.189,15.613,0,0.994029850746269,"fucsovics m.","sinner j.",1537.96056683672,1500,9910
"2021-wimbledon-1112","wimbledon",2021,"2:45:32",247,"Marton Fucsovics","Jannik Sinner",117,1,2,1,"BC","NCTL",16,6,63.399,46.176,1,0.994029850746269,"fucsovics m.","sinner j.",1537.96056683672,1500,9932
"2021-wimbledon-1112","wimbledon",2021,"2:46:20",248,"Marton Fucsovics","Jannik Sinner",93,2,2,2,"BW","NCTL",3,6,26.16,24.389,1,0.790126291618829,"fucsovics m.","sinner j.",1537.96056683672,1500,9980
"2021-wimbledon-1112","wimbledon",2021,"2:47:06",249,"Marton Fucsovics","Jannik Sinner",115,1,2,2,"W","CTL",5,6,16.68,30.189,0,0.977037887485649,"fucsovics m.","sinner j.",1537.96056683672,1500,10026
"2021-wimbledon-1112","wimbledon",2021,"2:47:33",250,"Marton Fucsovics","Jannik Sinner",94,2,2,1,"BW","NCTL",2,6,14.8,15.715,0,0.798622273249139,"fucsovics m.","sinner j.",1537.96056683672,1500,10053
"2021-wimbledon-1112","wimbledon",2021,"2:48:00",251,"Marton Fucsovics","Jannik Sinner",117,1,2,1,"B","NCTL",4,6,24.613,26.344,1,0.994029850746269,"fucsovics m.","sinner j.",1537.96056683672,1500,10080
"2021-wimbledon-1112","wimbledon",2021,"2:48:26",252,"Marton Fucsovics","Jannik Sinner",93,2,2,1,"BW","NCTL",8,6,37.516,43.345,0,0.790126291618829,"fucsovics m.","sinner j.",1537.96056683672,1500,10106
"2021-wimbledon-1112","wimbledon",2021,"2:49:32",253,"Marton Fucsovics","Jannik Sinner",102,2,1,1,"W","NCTL",7,7,32.545,29.779,0,0.876655052264808,"fucsovics m.","sinner j.",1537.96056683672,1500,10172
"2021-wimbledon-1112","wimbledon",2021,"2:50:39",254,"Marton Fucsovics","Jannik Sinner",96,2,1,2,"BW","NCTL",6,7,28.477,21.464,1,0.825087108013937,"fucsovics m.","sinner j.",1537.96056683672,1500,10239
"2021-wimbledon-1112","wimbledon",2021,"2:51:27",255,"Marton Fucsovics","Jannik Sinner",113,1,1,1,"B","NCTL",7,7,30.585,30.97,1,0.971196283391405,"fucsovics m.","sinner j.",1537.96056683672,1500,10287
"2021-wimbledon-1112","wimbledon",2021,"2:52:13",256,"Marton Fucsovics","Jannik Sinner",118,1,1,1,"BW","CTL",1,7,15.198,12.548,1,1.01416957026713,"fucsovics m.","sinner j.",1537.96056683672,1500,10333
"2021-wimbledon-1112","wimbledon",2021,"2:52:33",257,"Marton Fucsovics","Jannik Sinner",106,2,1,2,"C","NCTL",6,7,25.714,28.585,1,0.911033681765389,"fucsovics m.","sinner j.",1537.96056683672,1500,10353
"2021-wimbledon-1112","wimbledon",2021,"2:53:14",258,"Marton Fucsovics","Jannik Sinner",119,1,1,1,"C","CTL",1,7,14.162,12.832,1,1.02276422764228,"fucsovics m.","sinner j.",1537.96056683672,1500,10394
"2021-wimbledon-1112","wimbledon",2021,"2:54:46",259,"Marton Fucsovics","Jannik Sinner",99,2,2,1,"BC","NCTL",6,8,32.267,35.418,0,0.841102181400689,"fucsovics m.","sinner j.",1537.96056683672,1500,10486
"2021-wimbledon-1112","wimbledon",2021,"2:55:27",260,"Marton Fucsovics","Jannik Sinner",92,2,2,2,"BW","NCTL",9,8,39.369,44.044,1,0.781630309988519,"fucsovics m.","sinner j.",1537.96056683672,1500,10527
"2021-wimbledon-1112","wimbledon",2021,"2:56:07",261,"Marton Fucsovics","Jannik Sinner",98,2,2,1,"BW","NCTL",4,8,23.542,24.98,0,0.832606199770379,"fucsovics m.","sinner j.",1537.96056683672,1500,10567
"2021-wimbledon-1112","wimbledon",2021,"2:56:41",262,"Marton Fucsovics","Jannik Sinner",117,1,2,1,"C","NCTL",2,8,17.333,19.484,1,0.994029850746269,"fucsovics m.","sinner j.",1537.96056683672,1500,10601
"2021-wimbledon-1112","wimbledon",2021,"2:57:04",263,"Marton Fucsovics","Jannik Sinner",121,1,2,1,"BC","NCTL",4,8,22.336,30.431,1,1.02801377726751,"fucsovics m.","sinner j.",1537.96056683672,1500,10624
"2021-wimbledon-1112","wimbledon",2021,"2:58:21",265,"Marton Fucsovics","Jannik Sinner",95,2,1,1,"C","NCTL",7,9,28.678,37.066,0,0.816492450638792,"fucsovics m.","sinner j.",1537.96056683672,1500,10701
"2021-wimbledon-1112","wimbledon",2021,"2:59:00",266,"Marton Fucsovics","Jannik Sinner",105,2,1,1,"BW","CTL",1,9,14.105,12.603,0,0.902439024390244,"fucsovics m.","sinner j.",1537.96056683672,1500,10740
"2021-wimbledon-1112","wimbledon",2021,"2:59:28",267,"Marton Fucsovics","Jannik Sinner",99,2,1,1,"","",1,9,0,0,0,0.850871080139373,"fucsovics m.","sinner j.",1537.96056683672,1500,10768
"2021-wimbledon-1112","wimbledon",2021,"3:00:36",268,"Marton Fucsovics","Jannik Sinner",111,1,1,2,"W","CTL",14,9,65.284,58.697,0,0.954006968641115,"fucsovics m.","sinner j.",1537.96056683672,1500,10836
"2021-wimbledon-1112","wimbledon",2021,"3:01:23",269,"Marton Fucsovics","Jannik Sinner",100,2,1,2,"","",16,9,0,0,1,0.859465737514518,"fucsovics m.","sinner j.",1537.96056683672,1500,10883
"2021-wimbledon-1112","wimbledon",2021,"3:02:27",270,"Marton Fucsovics","Jannik Sinner",119,1,1,1,"","",11,9,0,0,1,1.02276422764228,"fucsovics m.","sinner j.",1537.96056683672,1500,10947
"2021-wimbledon-1112","wimbledon",2021,"3:03:13",271,"Marton Fucsovics","Jannik Sinner",111,1,1,1,"W","CTL",1,9,15.996,12.76,1,0.954006968641115,"fucsovics m.","sinner j.",1537.96056683672,1500,10993
"2021-wimbledon-1116","wimbledon",2021,"0:00:00",1,"Federico Delbonis","Andrey Rublev",111,1,2,2,"BW","NCTL",1,1,19.464,17.772,0,0.952454634969757,"delbonis f.","rublev a.",1500,1558.28054219541,0
"2021-wimbledon-1116","wimbledon",2021,"0:00:14",2,"Federico Delbonis","Andrey Rublev",123,1,2,2,"C","NCTL",1,1,19.206,14.2,0,1.05542270361514,"delbonis f.","rublev a.",1500,1558.28054219541,14
"2021-wimbledon-1116","wimbledon",2021,"0:00:28",3,"Federico Delbonis","Andrey Rublev",90,2,2,2,"BW","NCTL",1,1,19.544,19.102,1,0.772260514840343,"delbonis f.","rublev a.",1500,1558.28054219541,28
"2021-wimbledon-1116","wimbledon",2021,"0:00:52",4,"Federico Delbonis","Andrey Rublev",132,1,2,1,"BW","CTL",2,1,16.774,13.388,1,1.13264875509917,"delbonis f.","rublev a.",1500,1558.28054219541,52
"2021-wimbledon-1116","wimbledon",2021,"0:01:05",5,"Federico Delbonis","Andrey Rublev",128,1,2,1,"C","CTL",4,1,29.921,26.874,1,1.09832606555071,"delbonis f.","rublev a.",1500,1558.28054219541,65
"2021-wimbledon-1116","wimbledon",2021,"0:01:24",6,"Federico Delbonis","Andrey Rublev",117,1,2,2,"C","NCTL",1,1,15.804,11.65,0,1.00393866929245,"delbonis f.","rublev a.",1500,1558.28054219541,84
"2021-wimbledon-1116","wimbledon",2021,"0:02:16",7,"Federico Delbonis","Andrey Rublev",110,1,1,2,"BC","CTL",6,2,38.474,36.674,0,0.976150859678314,"delbonis f.","rublev a.",1500,1558.28054219541,136
"2021-wimbledon-1116","wimbledon",2021,"0:02:45",8,"Federico Delbonis","Andrey Rublev",119,1,1,1,"C","NCTL",1,2,15.062,17.816,1,1.05601774819745,"delbonis f.","rublev a.",1500,1558.28054219541,165
"2021-wimbledon-1116","wimbledon",2021,"0:03:02",9,"Federico Delbonis","Andrey Rublev",108,1,1,1,"C","NCTL",9,2,41.515,48.662,1,0.958402662229617,"delbonis f.","rublev a.",1500,1558.28054219541,182
"2021-wimbledon-1116","wimbledon",2021,"0:04:15",11,"Federico Delbonis","Andrey Rublev",94,2,1,1,"C","NCTL",7,2,35.605,32.73,0,0.834165280088741,"delbonis f.","rublev a.",1500,1558.28054219541,255
"2021-wimbledon-1116","wimbledon",2021,"0:04:59",12,"Federico Delbonis","Andrey Rublev",103,2,1,1,"BW","NCTL",7,2,35.296,34.719,0,0.914032168607876,"delbonis f.","rublev a.",1500,1558.28054219541,299
"2021-wimbledon-1116","wimbledon",2021,"0:05:51",13,"Federico Delbonis","Andrey Rublev",99,1,2,2,"W","NCTL",1,3,18.454,15.131,0,0.849486566324378,"delbonis f.","rublev a.",1500,1558.28054219541,351
"2021-wimbledon-1116","wimbledon",2021,"0:06:07",14,"Federico Delbonis","Andrey Rublev",119,1,2,2,"C","NCTL",1,3,20.187,17.948,0,1.02110001406668,"delbonis f.","rublev a.",1500,1558.28054219541,367
"2021-wimbledon-1116","wimbledon",2021,"0:06:20",15,"Federico Delbonis","Andrey Rublev",111,1,2,2,"W","CTL",1,3,15.676,11.836,0,0.952454634969757,"delbonis f.","rublev a.",1500,1558.28054219541,380
"2021-wimbledon-1116","wimbledon",2021,"0:06:36",16,"Federico Delbonis","Andrey Rublev",87,2,2,1,"B","NCTL",2,3,21.742,20.776,0,0.746518497678998,"delbonis f.","rublev a.",1500,1558.28054219541,396
"2021-wimbledon-1116","wimbledon",2021,"0:07:06",17,"Federico Delbonis","Andrey Rublev",120,1,2,2,"C","NCTL",1,3,22.546,21.562,0,1.02968068645379,"delbonis f.","rublev a.",1500,1558.28054219541,426
"2021-wimbledon-1116","wimbledon",2021,"0:08:47",18,"Federico Delbonis","Andrey Rublev",116,1,1,1,"C","CTL",1,4,13.158,17.606,1,1.0293954520244,"delbonis f.","rublev a.",1500,1558.28054219541,527
"2021-wimbledon-1116","wimbledon",2021,"0:09:05",19,"Federico Delbonis","Andrey Rublev",103,2,1,2,"BW","NCTL",4,4,25.081,24.123,1,0.914032168607876,"delbonis f.","rublev a.",1500,1558.28054219541,545
"2021-wimbledon-1116","wimbledon",2021,"0:10:00",20,"Federico Delbonis","Andrey Rublev",93,2,1,2,"BC","NCTL",6,4,38.199,29.668,1,0.825291181364393,"delbonis f.","rublev a.",1500,1558.28054219541,600
"2021-wimbledon-1116","wimbledon",2021,"0:10:43",21,"Federico Delbonis","Andrey Rublev",114,1,1,1,"BW","NCTL",9,4,49.081,41.535,1,1.01164725457571,"delbonis f.","rublev a.",1500,1558.28054219541,643
"2021-wimbledon-1116","wimbledon",2021,"0:12:02",23,"Federico Delbonis","Andrey Rublev",124,1,1,1,"BC","NCTL",3,4,25.966,23.865,1,1.10038824181919,"delbonis f.","rublev a.",1500,1558.28054219541,722
"2021-wimbledon-1116","wimbledon",2021,"0:12:28",24,"Federico Delbonis","Andrey Rublev",96,2,1,1,"B","NCTL",1,4,12.472,13.743,0,0.851913477537438,"delbonis f.","rublev a.",1500,1558.28054219541,748
"2021-wimbledon-1116","wimbledon",2021,"0:13:02",25,"Federico Delbonis","Andrey Rublev",111,1,1,1,"BW","NCTL",3,4,17.198,21.512,1,0.985024958402662,"delbonis f.","rublev a.",1500,1558.28054219541,782
"2021-wimbledon-1116","wimbledon",2021,"0:13:32",26,"Federico Delbonis","Andrey Rublev",126,1,2,2,"C","CTL",1,5,15.503,11.885,0,1.08116472077648,"delbonis f.","rublev a.",1500,1558.28054219541,812
"2021-wimbledon-1116","wimbledon",2021,"0:13:46",27,"Federico Delbonis","Andrey Rublev",93,2,2,2,"B","NCTL",11,5,50.482,45.523,1,0.798002532001688,"delbonis f.","rublev a.",1500,1558.28054219541,826
"2021-wimbledon-1116","wimbledon",2021,"0:14:23",28,"Federico Delbonis","Andrey Rublev",99,2,2,2,"BC","CTL",7,5,28.304,38.601,1,0.849486566324378,"delbonis f.","rublev a.",1500,1558.28054219541,863
"2021-wimbledon-1116","wimbledon",2021,"0:15:06",29,"Federico Delbonis","Andrey Rublev",98,2,2,1,"BW","NCTL",2,5,20.847,16.811,0,0.840905893937263,"delbonis f.","rublev a.",1500,1558.28054219541,906
"2021-wimbledon-1116","wimbledon",2021,"0:15:33",30,"Federico Delbonis","Andrey Rublev",128,1,2,2,"C","NCTL",1,5,15.032,11.666,0,1.09832606555071,"delbonis f.","rublev a.",1500,1558.28054219541,933
"2021-wimbledon-1116","wimbledon",2021,"0:18:05",32,"Federico Delbonis","Andrey Rublev",116,1,1,1,"C","CTL",1,6,12.22,14.61,1,1.0293954520244,"delbonis f.","rublev a.",1500,1558.28054219541,1085
"2021-wimbledon-1116","wimbledon",2021,"0:18:25",33,"Federico Delbonis","Andrey Rublev",99,2,1,1,"BC","NCTL",5,6,18.749,28.153,0,0.878535773710483,"delbonis f.","rublev a.",1500,1558.28054219541,1105
"2021-wimbledon-1116","wimbledon",2021,"0:19:04",34,"Federico Delbonis","Andrey Rublev",98,2,1,2,"BW","NCTL",2,6,17.439,17.776,1,0.869661674986134,"delbonis f.","rublev a.",1500,1558.28054219541,1144
"2021-wimbledon-1116","wimbledon",2021,"0:19:44",35,"Federico Delbonis","Andrey Rublev",118,1,1,1,"BC","NCTL",1,6,12.268,14.472,1,1.0471436494731,"delbonis f.","rublev a.",1500,1558.28054219541,1184
"2021-wimbledon-1116","wimbledon",2021,"0:20:03",36,"Federico Delbonis","Andrey Rublev",102,1,1,2,"W","NCTL",4,6,39.779,42.574,0,0.905158069883527,"delbonis f.","rublev a.",1500,1558.28054219541,1203
"2021-wimbledon-1116","wimbledon",2021,"0:20:34",37,"Federico Delbonis","Andrey Rublev",113,1,1,2,"BW","NCTL",10,6,91.326,43.048,0,1.00277315585136,"delbonis f.","rublev a.",1500,1558.28054219541,1234
"2021-wimbledon-1116","wimbledon",2021,"0:21:13",38,"Federico Delbonis","Andrey Rublev",112,1,1,1,"W","CTL",1,6,15.548,19.32,1,0.993899057127011,"delbonis f.","rublev a.",1500,1558.28054219541,1273
"2021-wimbledon-1116","wimbledon",2021,"0:21:34",39,"Federico Delbonis","Andrey Rublev",116,1,1,1,"C","NCTL",1,6,12.164,15.226,1,1.0293954520244,"delbonis f.","rublev a.",1500,1558.28054219541,1294
"2021-wimbledon-1116","wimbledon",2021,"0:22:32",41,"Federico Delbonis","Andrey Rublev",111,1,1,1,"W","CTL",1,6,12.04,14.025,1,0.985024958402662,"delbonis f.","rublev a.",1500,1558.28054219541,1352
"2021-wimbledon-1116","wimbledon",2021,"0:22:49",42,"Federico Delbonis","Andrey Rublev",108,1,1,2,"W","NCTL",6,6,22.907,37.793,0,0.958402662229617,"delbonis f.","rublev a.",1500,1558.28054219541,1369
"2021-wimbledon-1116","wimbledon",2021,"0:23:23",43,"Federico Delbonis","Andrey Rublev",109,1,1,1,"BW","NCTL",1,6,25.784,22.027,1,0.967276760953966,"delbonis f.","rublev a.",1500,1558.28054219541,1403
"2021-wimbledon-1116","wimbledon",2021,"0:23:48",44,"Federico Delbonis","Andrey Rublev",102,2,1,1,"B","NCTL",7,6,40.946,38.275,0,0.905158069883527,"delbonis f.","rublev a.",1500,1558.28054219541,1428
"2021-wimbledon-1116","wimbledon",2021,"0:24:50",45,"Federico Delbonis","Andrey Rublev",112,1,2,2,"BW","NCTL",1,7,20.151,19.577,0,0.961035307356872,"delbonis f.","rublev a.",1500,1558.28054219541,1490
"2021-wimbledon-1116","wimbledon",2021,"0:25:06",46,"Federico Delbonis","Andrey Rublev",91,2,2,1,"BC","NCTL",8,7,43.603,25.607,0,0.780841187227458,"delbonis f.","rublev a.",1500,1558.28054219541,1506
"2021-wimbledon-1116","wimbledon",2021,"0:25:44",47,"Federico Delbonis","Andrey Rublev",106,1,2,2,"W","CTL",1,7,16.53,12.197,0,0.909551273034182,"delbonis f.","rublev a.",1500,1558.28054219541,1544
"2021-wimbledon-1116","wimbledon",2021,"0:26:01",48,"Federico Delbonis","Andrey Rublev",116,1,2,1,"C","NCTL",4,7,27.763,26.342,1,0.995357996905331,"delbonis f.","rublev a.",1500,1558.28054219541,1561
"2021-wimbledon-1116","wimbledon",2021,"0:26:31",49,"Federico Delbonis","Andrey Rublev",85,2,2,1,"B","NCTL",12,7,44.05,58.246,0,0.729357152904769,"delbonis f.","rublev a.",1500,1558.28054219541,1591
"2021-wimbledon-1116","wimbledon",2021,"0:27:29",50,"Federico Delbonis","Andrey Rublev",118,1,2,2,"C","CTL",3,7,23.421,15.515,0,1.01251934167956,"delbonis f.","rublev a.",1500,1558.28054219541,1649
"2021-wimbledon-1116","wimbledon",2021,"0:27:54",51,"Federico Delbonis","Andrey Rublev",105,1,2,2,"BW","NCTL",1,7,17.562,13.799,0,0.900970600647067,"delbonis f.","rublev a.",1500,1558.28054219541,1674
"2021-wimbledon-1116","wimbledon",2021,"0:28:11",52,"Federico Delbonis","Andrey Rublev",88,2,2,1,"BC","NCTL",4,7,32.017,27.911,0,0.755099170066113,"delbonis f.","rublev a.",1500,1558.28054219541,1691
"2021-wimbledon-1116","wimbledon",2021,"0:28:52",53,"Federico Delbonis","Andrey Rublev",123,1,2,1,"BC","NCTL",22,7,77.209,76.19,1,1.05542270361514,"delbonis f.","rublev a.",1500,1558.28054219541,1732
"2021-wimbledon-1116","wimbledon",2021,"0:29:54",54,"Federico Delbonis","Andrey Rublev",115,1,2,1,"BC","NCTL",12,7,52.468,62.022,1,0.986777324518216,"delbonis f.","rublev a.",1500,1558.28054219541,1794
"2021-wimbledon-1116","wimbledon",2021,"0:31:48",55,"Federico Delbonis","Andrey Rublev",107,1,1,1,"C","NCTL",5,8,34.343,31.091,1,0.949528563505269,"delbonis f.","rublev a.",1500,1558.28054219541,1908
"2021-wimbledon-1116","wimbledon",2021,"0:32:17",56,"Federico Delbonis","Andrey Rublev",124,1,1,1,"C","NCTL",1,8,12.322,14.503,1,1.10038824181919,"delbonis f.","rublev a.",1500,1558.28054219541,1937
"2021-wimbledon-1116","wimbledon",2021,"0:32:36",57,"Federico Delbonis","Andrey Rublev",102,2,1,1,"B","CTL",3,8,36.678,37.718,0,0.905158069883527,"delbonis f.","rublev a.",1500,1558.28054219541,1956
"2021-wimbledon-1116","wimbledon",2021,"0:33:31",58,"Federico Delbonis","Andrey Rublev",110,1,1,1,"B","NCTL",1,8,15.723,15.965,1,0.976150859678314,"delbonis f.","rublev a.",1500,1558.28054219541,2011
"2021-wimbledon-1116","wimbledon",2021,"0:34:06",59,"Federico Delbonis","Andrey Rublev",118,1,2,2,"C","NCTL",5,9,30.408,27.507,0,1.01251934167956,"delbonis f.","rublev a.",1500,1558.28054219541,2046
"2021-wimbledon-1116","wimbledon",2021,"0:34:25",60,"Federico Delbonis","Andrey Rublev",101,2,2,2,"BC","NCTL",3,9,19.915,17.705,1,0.866647911098607,"delbonis f.","rublev a.",1500,1558.28054219541,2065
"2021-wimbledon-1116","wimbledon",2021,"0:34:47",61,"Federico Delbonis","Andrey Rublev",100,2,2,2,"B","NCTL",5,9,27.108,21.387,1,0.858067238711492,"delbonis f.","rublev a.",1500,1558.28054219541,2087
"2021-wimbledon-1116","wimbledon",2021,"0:35:15",62,"Federico Delbonis","Andrey Rublev",123,1,2,2,"W","CTL",1,9,15.259,12.024,0,1.05542270361514,"delbonis f.","rublev a.",1500,1558.28054219541,2115
"2021-wimbledon-1116","wimbledon",2021,"0:36:53",63,"Federico Delbonis","Andrey Rublev",100,2,1,2,"C","NCTL",2,10,17.613,20.585,1,0.887409872434831,"delbonis f.","rublev a.",1500,1558.28054219541,2213
"2021-wimbledon-1116","wimbledon",2021,"0:37:29",64,"Federico Delbonis","Andrey Rublev",92,2,1,1,"W","CTL",5,10,26.97,31.752,0,0.816417082640044,"delbonis f.","rublev a.",1500,1558.28054219541,2249
"2021-wimbledon-1116","wimbledon",2021,"0:38:12",65,"Federico Delbonis","Andrey Rublev",120,1,1,1,"W","CTL",1,10,22.751,14.116,1,1.0648918469218,"delbonis f.","rublev a.",1500,1558.28054219541,2292
"2021-wimbledon-1116","wimbledon",2021,"0:38:33",66,"Federico Delbonis","Andrey Rublev",102,1,1,1,"W","CTL",3,10,18.522,28.352,1,0.905158069883527,"delbonis f.","rublev a.",1500,1558.28054219541,2313
"2021-wimbledon-1116","wimbledon",2021,"0:38:57",67,"Federico Delbonis","Andrey Rublev",118,1,1,2,"BC","NCTL",4,10,27.207,23.438,0,1.0471436494731,"delbonis f.","rublev a.",1500,1558.28054219541,2337
"2021-wimbledon-1116","wimbledon",2021,"0:39:28",68,"Federico Delbonis","Andrey Rublev",118,1,1,2,"BC","CTL",8,10,36.171,41.764,0,1.0471436494731,"delbonis f.","rublev a.",1500,1558.28054219541,2368
"2021-wimbledon-1116","wimbledon",2021,"0:40:08",69,"Federico Delbonis","Andrey Rublev",109,1,1,1,"C","NCTL",3,10,17.419,21.484,1,0.967276760953966,"delbonis f.","rublev a.",1500,1558.28054219541,2408
"2021-wimbledon-1116","wimbledon",2021,"0:40:34",70,"Federico Delbonis","Andrey Rublev",102,2,1,2,"BC","NCTL",2,10,21.092,25.327,1,0.905158069883527,"delbonis f.","rublev a.",1500,1558.28054219541,2434
"2021-wimbledon-1116","wimbledon",2021,"0:41:29",71,"Federico Delbonis","Andrey Rublev",93,2,1,2,"BC","NCTL",8,10,42.504,37.386,1,0.825291181364393,"delbonis f.","rublev a.",1500,1558.28054219541,2489
"2021-wimbledon-1116","wimbledon",2021,"0:42:23",72,"Federico Delbonis","Andrey Rublev",108,1,1,1,"W","CTL",1,10,11.84,14.574,1,0.958402662229617,"delbonis f.","rublev a.",1500,1558.28054219541,2543
"2021-wimbledon-1116","wimbledon",2021,"0:42:47",73,"Federico Delbonis","Andrey Rublev",110,1,1,1,"BW","CTL",11,10,47.566,46.261,1,0.976150859678314,"delbonis f.","rublev a.",1500,1558.28054219541,2567
"2021-wimbledon-1116","wimbledon",2021,"0:43:30",74,"Federico Delbonis","Andrey Rublev",104,2,1,2,"B","NCTL",10,10,40.43,45.823,1,0.922906267332224,"delbonis f.","rublev a.",1500,1558.28054219541,2610
"2021-wimbledon-1116","wimbledon",2021,"0:44:22",75,"Federico Delbonis","Andrey Rublev",113,1,1,2,"C","NCTL",4,10,19.431,26.052,0,1.00277315585136,"delbonis f.","rublev a.",1500,1558.28054219541,2662
"2021-wimbledon-1116","wimbledon",2021,"0:44:52",76,"Federico Delbonis","Andrey Rublev",107,1,1,1,"W","CTL",3,10,17.035,24.571,1,0.949528563505269,"delbonis f.","rublev a.",1500,1558.28054219541,2692
"2021-wimbledon-1116","wimbledon",2021,"0:45:22",77,"Federico Delbonis","Andrey Rublev",100,2,1,1,"BC","NCTL",7,10,29.778,40.361,0,0.887409872434831,"delbonis f.","rublev a.",1500,1558.28054219541,2722
"2021-wimbledon-1116","wimbledon",2021,"0:46:10",78,"Federico Delbonis","Andrey Rublev",85,2,1,1,"B","NCTL",3,10,23.724,23.502,0,0.754298391569606,"delbonis f.","rublev a.",1500,1558.28054219541,2770
"2021-wimbledon-1116","wimbledon",2021,"0:48:29",79,"Federico Delbonis","Andrey Rublev",89,2,2,1,"B","NCTL",4,1,33.305,27.591,0,0.763679842453228,"delbonis f.","rublev a.",1500,1558.28054219541,2909
"2021-wimbledon-1116","wimbledon",2021,"0:48:58",80,"Federico Delbonis","Andrey Rublev",114,1,2,1,"C","NCTL",4,1,26.282,27.252,1,0.978196652131101,"delbonis f.","rublev a.",1500,1558.28054219541,2938
"2021-wimbledon-1116","wimbledon",2021,"0:49:19",81,"Federico Delbonis","Andrey Rublev",103,1,2,2,"W","CTL",3,1,24.108,15.214,0,0.883809255872837,"delbonis f.","rublev a.",1500,1558.28054219541,2959
"2021-wimbledon-1116","wimbledon",2021,"0:49:39",82,"Federico Delbonis","Andrey Rublev",91,2,2,2,"B","NCTL",5,1,31.076,30.701,1,0.780841187227458,"delbonis f.","rublev a.",1500,1558.28054219541,2979
"2021-wimbledon-1116","wimbledon",2021,"0:50:14",83,"Federico Delbonis","Andrey Rublev",93,2,2,2,"B","NCTL",9,1,48.453,36.375,1,0.798002532001688,"delbonis f.","rublev a.",1500,1558.28054219541,3014
"2021-wimbledon-1116","wimbledon",2021,"0:50:53",84,"Federico Delbonis","Andrey Rublev",122,1,2,2,"W","NCTL",1,1,14.908,11.499,0,1.04684203122802,"delbonis f.","rublev a.",1500,1558.28054219541,3053
"2021-wimbledon-1116","wimbledon",2021,"0:51:48",85,"Federico Delbonis","Andrey Rublev",113,1,1,2,"C","NCTL",2,2,17.852,20.576,0,1.00277315585136,"delbonis f.","rublev a.",1500,1558.28054219541,3108
"2021-wimbledon-1116","wimbledon",2021,"0:52:09",86,"Federico Delbonis","Andrey Rublev",105,1,1,2,"W","CTL",14,2,65.533,70.158,0,0.931780366056572,"delbonis f.","rublev a.",1500,1558.28054219541,3129
"2021-wimbledon-1116","wimbledon",2021,"0:52:57",87,"Federico Delbonis","Andrey Rublev",115,1,1,2,"BC","NCTL",10,2,48.776,44.079,0,1.02052135330006,"delbonis f.","rublev a.",1500,1558.28054219541,3177
"2021-wimbledon-1116","wimbledon",2021,"0:53:39",88,"Federico Delbonis","Andrey Rublev",122,1,1,1,"","",1,2,15.81,16.199,1,1.08264004437049,"delbonis f.","rublev a.",1500,1558.28054219541,3219
"2021-wimbledon-1116","wimbledon",2021,"0:53:59",89,"Federico Delbonis","Andrey Rublev",117,1,1,2,"C","NCTL",2,2,19.066,22.199,0,1.03826955074875,"delbonis f.","rublev a.",1500,1558.28054219541,3239
"2021-wimbledon-1116","wimbledon",2021,"0:54:32",90,"Federico Delbonis","Andrey Rublev",90,2,2,1,"B","NCTL",2,3,22.999,20.889,0,0.772260514840343,"delbonis f.","rublev a.",1500,1558.28054219541,3272
"2021-wimbledon-1116","wimbledon",2021,"0:55:02",91,"Federico Delbonis","Andrey Rublev",119,1,2,2,"C","NCTL",7,3,35.434,36.58,0,1.02110001406668,"delbonis f.","rublev a.",1500,1558.28054219541,3302
"2021-wimbledon-1116","wimbledon",2021,"0:55:28",92,"Federico Delbonis","Andrey Rublev",106,1,2,1,"W","NCTL",4,3,31.834,24.852,1,0.909551273034182,"delbonis f.","rublev a.",1500,1558.28054219541,3328
"2021-wimbledon-1116","wimbledon",2021,"0:55:58",93,"Federico Delbonis","Andrey Rublev",111,1,2,1,"C","NCTL",4,3,25.281,15.602,1,0.952454634969757,"delbonis f.","rublev a.",1500,1558.28054219541,3358
"2021-wimbledon-1116","wimbledon",2021,"0:56:21",94,"Federico Delbonis","Andrey Rublev",106,1,2,1,"W","CTL",4,3,23.952,28.179,1,0.909551273034182,"delbonis f.","rublev a.",1500,1558.28054219541,3381
"2021-wimbledon-1116","wimbledon",2021,"0:58:03",95,"Federico Delbonis","Andrey Rublev",90,2,1,1,"B","NCTL",5,4,25.086,20.775,0,0.798668885191348,"delbonis f.","rublev a.",1500,1558.28054219541,3483
"2021-wimbledon-1116","wimbledon",2021,"0:58:39",96,"Federico Delbonis","Andrey Rublev",98,2,1,2,"B","NCTL",6,4,30.241,39.154,1,0.869661674986134,"delbonis f.","rublev a.",1500,1558.28054219541,3519
"2021-wimbledon-1116","wimbledon",2021,"0:59:22",97,"Federico Delbonis","Andrey Rublev",98,2,1,1,"BC","NCTL",15,4,48.588,64.278,0,0.869661674986134,"delbonis f.","rublev a.",1500,1558.28054219541,3562
"2021-wimbledon-1116","wimbledon",2021,"1:00:24",98,"Federico Delbonis","Andrey Rublev",107,1,1,2,"W","NCTL",6,4,31.95,32.08,0,0.949528563505269,"delbonis f.","rublev a.",1500,1558.28054219541,3624
"2021-wimbledon-1116","wimbledon",2021,"1:01:02",99,"Federico Delbonis","Andrey Rublev",115,1,1,1,"B","NCTL",3,4,21.962,25.22,1,1.02052135330006,"delbonis f.","rublev a.",1500,1558.28054219541,3662
"2021-wimbledon-1116","wimbledon",2021,"1:01:29",100,"Federico Delbonis","Andrey Rublev",124,1,1,2,"BC","NCTL",4,4,27.914,26.062,0,1.10038824181919,"delbonis f.","rublev a.",1500,1558.28054219541,3689
"2021-wimbledon-1116","wimbledon",2021,"1:01:57",101,"Federico Delbonis","Andrey Rublev",118,1,1,1,"BC","NCTL",5,4,36.714,35.549,1,1.0471436494731,"delbonis f.","rublev a.",1500,1558.28054219541,3717
"2021-wimbledon-1116","wimbledon",2021,"1:02:33",102,"Federico Delbonis","Andrey Rublev",108,1,1,2,"W","NCTL",4,4,19.724,28.652,0,0.958402662229617,"delbonis f.","rublev a.",1500,1558.28054219541,3753
"2021-wimbledon-1116","wimbledon",2021,"1:03:05",103,"Federico Delbonis","Andrey Rublev",118,1,1,1,"BW","NCTL",1,4,11.965,14.286,1,1.0471436494731,"delbonis f.","rublev a.",1500,1558.28054219541,3785
"2021-wimbledon-1116","wimbledon",2021,"1:03:29",104,"Federico Delbonis","Andrey Rublev",97,2,1,1,"BW","NCTL",9,4,46.685,42.118,0,0.860787576261786,"delbonis f.","rublev a.",1500,1558.28054219541,3809
"2021-wimbledon-1116","wimbledon",2021,"1:04:23",105,"Federico Delbonis","Andrey Rublev",94,2,2,2,"BW","NCTL",3,5,24.115,21.654,1,0.806583204388803,"delbonis f.","rublev a.",1500,1558.28054219541,3863
"2021-wimbledon-1116","wimbledon",2021,"1:04:49",106,"Federico Delbonis","Andrey Rublev",118,1,2,2,"C","NCTL",1,5,19.842,14.703,0,1.01251934167956,"delbonis f.","rublev a.",1500,1558.28054219541,3889
"2021-wimbledon-1116","wimbledon",2021,"1:05:02",107,"Federico Delbonis","Andrey Rublev",92,2,2,1,"BW","NCTL",2,5,19.185,19.653,0,0.789421859614573,"delbonis f.","rublev a.",1500,1558.28054219541,3902
"2021-wimbledon-1116","wimbledon",2021,"1:05:28",108,"Federico Delbonis","Andrey Rublev",91,2,2,1,"BC","NCTL",6,5,23.568,30.724,0,0.780841187227458,"delbonis f.","rublev a.",1500,1558.28054219541,3928
