"match_id","slam","year","ElapsedTime","PointNumber","player1","player2","Speed_MPH","ServeNumber","PointServer","PointWinner","ServeWidth","ServeDepth","RallyCount","GameNo","P1DistanceRun","P2DistanceRun","serving_player_won","speed_ratio","player1_name","player2_name","player1_avg_welo","player2_avg_welo","ElapsedSeconds"
"2021-wimbledon-2108","wimbledon",2021,"0:00:00",1,"Clara Tauson","Barbora Krejcikova",98,1,2,1,"","",8,1,0,0,1,0.97609561752988,"tauson c.","krejcikova b.",1500,1557.11016512075,0
"2021-wimbledon-2108","wimbledon",2021,"0:00:26",2,"Clara Tauson","Barbora Krejcikova",100,1,2,2,"BW","NCTL",3,1,22.476,22.285,0,0.99601593625498,"tauson c.","krejcikova b.",1500,1557.11016512075,26
"2021-wimbledon-2108","wimbledon",2021,"0:00:50",3,"Clara Tauson","Barbora Krejcikova",88,2,2,2,"B","CTL",3,1,24.719,23.285,1,0.876494023904382,"tauson c.","krejcikova b.",1500,1557.11016512075,50
"2021-wimbledon-2108","wimbledon",2021,"0:01:27",4,"Clara Tauson","Barbora Krejcikova",103,1,2,2,"BC","NCTL",5,1,35.364,25.668,0,1.02589641434263,"tauson c.","krejcikova b.",1500,1557.11016512075,87
"2021-wimbledon-2108","wimbledon",2021,"0:03:26",7,"Clara Tauson","Barbora Krejcikova",104,1,2,1,"BC","NCTL",2,1,19.045,14.984,1,1.03585657370518,"tauson c.","krejcikova b.",1500,1557.11016512075,206
"2021-wimbledon-2108","wimbledon",2021,"0:04:03",8,"Clara Tauson","Barbora Krejcikova",83,2,2,2,"BW","NCTL",3,1,24.36,24.272,1,0.826693227091633,"tauson c.","krejcikova b.",1500,1557.11016512075,243
"2021-wimbledon-2108","wimbledon",2021,"0:04:44",9,"Clara Tauson","Barbora Krejcikova",105,1,2,2,"BC","CTL",3,1,25.542,26.398,0,1.04581673306773,"tauson c.","krejcikova b.",1500,1557.11016512075,284
"2021-wimbledon-2108","wimbledon",2021,"0:05:06",10,"Clara Tauson","Barbora Krejcikova",88,2,2,2,"B","NCTL",1,1,15.45,16.332,1,0.876494023904382,"tauson c.","krejcikova b.",1500,1557.11016512075,306
"2021-wimbledon-2108","wimbledon",2021,"0:06:07",11,"Clara Tauson","Barbora Krejcikova",104,1,1,1,"BC","NCTL",3,2,18.975,24.685,1,1.03201024327785,"tauson c.","krejcikova b.",1500,1557.11016512075,367
"2021-wimbledon-2108","wimbledon",2021,"0:06:29",12,"Clara Tauson","Barbora Krejcikova",103,1,1,1,"C","NCTL",1,2,13.999,18.469,1,1.02208706786172,"tauson c.","krejcikova b.",1500,1557.11016512075,389
"2021-wimbledon-2108","wimbledon",2021,"0:07:20",14,"Clara Tauson","Barbora Krejcikova",94,1,1,1,"C","NCTL",1,2,12.325,14.217,1,0.932778489116517,"tauson c.","krejcikova b.",1500,1557.11016512075,440
"2021-wimbledon-2108","wimbledon",2021,"0:07:40",15,"Clara Tauson","Barbora Krejcikova",103,1,1,1,"C","CTL",1,2,12.108,14.425,1,1.02208706786172,"tauson c.","krejcikova b.",1500,1557.11016512075,460
"2021-wimbledon-2108","wimbledon",2021,"0:08:32",17,"Clara Tauson","Barbora Krejcikova",100,1,2,2,"BW","NCTL",3,3,33.82,32.423,0,0.99601593625498,"tauson c.","krejcikova b.",1500,1557.11016512075,512
"2021-wimbledon-2108","wimbledon",2021,"0:09:10",18,"Clara Tauson","Barbora Krejcikova",103,1,2,2,"BC","CTL",3,3,27.516,25.48,0,1.02589641434263,"tauson c.","krejcikova b.",1500,1557.11016512075,550
"2021-wimbledon-2108","wimbledon",2021,"0:12:14",22,"Clara Tauson","Barbora Krejcikova",90,2,1,2,"B","NCTL",8,4,35.198,30.731,1,0.893085787451985,"tauson c.","krejcikova b.",1500,1557.11016512075,734
"2021-wimbledon-2108","wimbledon",2021,"0:12:59",23,"Clara Tauson","Barbora Krejcikova",103,1,1,1,"C","CTL",1,4,20.667,19.842,1,1.02208706786172,"tauson c.","krejcikova b.",1500,1557.11016512075,779
"2021-wimbledon-2108","wimbledon",2021,"0:13:20",24,"Clara Tauson","Barbora Krejcikova",94,1,1,1,"W","CTL",1,4,13.914,19.206,1,0.932778489116517,"tauson c.","krejcikova b.",1500,1557.11016512075,800
"2021-wimbledon-2108","wimbledon",2021,"0:13:46",25,"Clara Tauson","Barbora Krejcikova",90,2,1,2,"BC","NCTL",8,4,34.363,31.023,1,0.893085787451985,"tauson c.","krejcikova b.",1500,1557.11016512075,826
"2021-wimbledon-2108","wimbledon",2021,"0:14:43",26,"Clara Tauson","Barbora Krejcikova",109,1,1,2,"BC","CTL",2,4,21.145,23.371,0,1.08162612035851,"tauson c.","krejcikova b.",1500,1557.11016512075,883
"2021-wimbledon-2108","wimbledon",2021,"0:15:13",27,"Clara Tauson","Barbora Krejcikova",103,1,1,1,"C","CTL",3,4,18.782,19.383,1,1.02208706786172,"tauson c.","krejcikova b.",1500,1557.11016512075,913
"2021-wimbledon-2108","wimbledon",2021,"0:15:38",28,"Clara Tauson","Barbora Krejcikova",88,2,1,1,"BC","NCTL",5,4,23.358,24.336,0,0.873239436619718,"tauson c.","krejcikova b.",1500,1557.11016512075,938
"2021-wimbledon-2108","wimbledon",2021,"0:16:24",29,"Clara Tauson","Barbora Krejcikova",106,1,1,1,"BW","NCTL",1,4,12.475,14.761,1,1.05185659411012,"tauson c.","krejcikova b.",1500,1557.11016512075,984
"2021-wimbledon-2108","wimbledon",2021,"0:16:54",30,"Clara Tauson","Barbora Krejcikova",99,1,2,2,"BW","NCTL",9,5,39.553,34.519,0,0.98605577689243,"tauson c.","krejcikova b.",1500,1557.11016512075,1014
"2021-wimbledon-2108","wimbledon",2021,"0:18:10",32,"Clara Tauson","Barbora Krejcikova",89,2,2,1,"C","NCTL",2,5,22.779,26.574,0,0.886454183266932,"tauson c.","krejcikova b.",1500,1557.11016512075,1090
"2021-wimbledon-2108","wimbledon",2021,"0:19:11",33,"Clara Tauson","Barbora Krejcikova",84,2,2,2,"B","CTL",3,5,22.535,22.472,1,0.836653386454183,"tauson c.","krejcikova b.",1500,1557.11016512075,1151
"2021-wimbledon-2108","wimbledon",2021,"0:19:47",34,"Clara Tauson","Barbora Krejcikova",91,2,2,2,"BC","NCTL",1,5,12.963,12.249,1,0.906374501992032,"tauson c.","krejcikova b.",1500,1557.11016512075,1187
"2021-wimbledon-2108","wimbledon",2021,"0:22:26",36,"Clara Tauson","Barbora Krejcikova",71,1,1,2,"C","NCTL",2,6,16.292,19.657,0,0.704545454545454,"tauson c.","krejcikova b.",1500,1557.11016512075,1346
"2021-wimbledon-2108","wimbledon",2021,"0:23:20",38,"Clara Tauson","Barbora Krejcikova",94,1,1,2,"W","NCTL",2,6,20.959,21.066,0,0.932778489116517,"tauson c.","krejcikova b.",1500,1557.11016512075,1400
"2021-wimbledon-2108","wimbledon",2021,"0:24:19",40,"Clara Tauson","Barbora Krejcikova",89,1,2,1,"BC","NCTL",8,7,33.772,37.515,1,0.886454183266932,"tauson c.","krejcikova b.",1500,1557.11016512075,1459
"2021-wimbledon-2108","wimbledon",2021,"0:24:50",41,"Clara Tauson","Barbora Krejcikova",99,1,2,2,"C","NCTL",3,7,19.856,17.442,0,0.98605577689243,"tauson c.","krejcikova b.",1500,1557.11016512075,1490
"2021-wimbledon-2108","wimbledon",2021,"0:25:17",42,"Clara Tauson","Barbora Krejcikova",99,1,2,2,"W","NCTL",3,7,20.5,16.239,0,0.98605577689243,"tauson c.","krejcikova b.",1500,1557.11016512075,1517
"2021-wimbledon-2108","wimbledon",2021,"0:25:44",43,"Clara Tauson","Barbora Krejcikova",91,2,2,2,"B","NCTL",1,7,14.421,14.66,1,0.906374501992032,"tauson c.","krejcikova b.",1500,1557.11016512075,1544
"2021-wimbledon-2108","wimbledon",2021,"0:28:04",45,"Clara Tauson","Barbora Krejcikova",103,1,1,1,"BC","NCTL",1,8,15.514,16.697,1,1.02208706786172,"tauson c.","krejcikova b.",1500,1557.11016512075,1684
"2021-wimbledon-2108","wimbledon",2021,"0:28:25",46,"Clara Tauson","Barbora Krejcikova",89,2,1,1,"BW","CTL",9,8,41.777,38.902,0,0.883162612035851,"tauson c.","krejcikova b.",1500,1557.11016512075,1705
"2021-wimbledon-2108","wimbledon",2021,"0:29:18",47,"Clara Tauson","Barbora Krejcikova",109,1,1,1,"C","NCTL",1,8,12.3,13.969,1,1.08162612035851,"tauson c.","krejcikova b.",1500,1557.11016512075,1758
"2021-wimbledon-2108","wimbledon",2021,"0:30:15",49,"Clara Tauson","Barbora Krejcikova",89,2,1,1,"C","NCTL",5,8,27.655,22.674,0,0.883162612035851,"tauson c.","krejcikova b.",1500,1557.11016512075,1815
"2021-wimbledon-2108","wimbledon",2021,"0:31:02",50,"Clara Tauson","Barbora Krejcikova",88,2,2,2,"B","NCTL",3,9,31.419,34.75,1,0.876494023904382,"tauson c.","krejcikova b.",1500,1557.11016512075,1862
"2021-wimbledon-2108","wimbledon",2021,"0:32:24",52,"Clara Tauson","Barbora Krejcikova",106,1,2,2,"C","NCTL",1,9,13.287,12.14,0,1.05577689243028,"tauson c.","krejcikova b.",1500,1557.11016512075,1944
"2021-wimbledon-2108","wimbledon",2021,"0:32:43",53,"Clara Tauson","Barbora Krejcikova",100,1,2,1,"C","NCTL",8,9,32.882,22.326,1,0.99601593625498,"tauson c.","krejcikova b.",1500,1557.11016512075,1963
"2021-wimbledon-2108","wimbledon",2021,"0:33:16",54,"Clara Tauson","Barbora Krejcikova",93,2,2,2,"BC","NCTL",1,9,16.697,15.422,1,0.926294820717131,"tauson c.","krejcikova b.",1500,1557.11016512075,1996
"2021-wimbledon-2108","wimbledon",2021,"0:33:52",55,"Clara Tauson","Barbora Krejcikova",96,1,2,2,"BW","NCTL",1,9,20.809,18.176,0,0.956175298804781,"tauson c.","krejcikova b.",1500,1557.11016512075,2032
"2021-wimbledon-2108","wimbledon",2021,"0:36:04",56,"Clara Tauson","Barbora Krejcikova",101,1,1,1,"C","NCTL",1,1,16.703,20.823,1,1.00224071702945,"tauson c.","krejcikova b.",1500,1557.11016512075,2164
"2021-wimbledon-2108","wimbledon",2021,"0:36:25",57,"Clara Tauson","Barbora Krejcikova",98,1,1,2,"C","NCTL",6,1,28.681,31.891,0,0.97247119078105,"tauson c.","krejcikova b.",1500,1557.11016512075,2185
"2021-wimbledon-2108","wimbledon",2021,"0:37:07",58,"Clara Tauson","Barbora Krejcikova",104,1,1,1,"C","NCTL",1,1,17.427,18.346,1,1.03201024327785,"tauson c.","krejcikova b.",1500,1557.11016512075,2227
"2021-wimbledon-2108","wimbledon",2021,"0:37:26",59,"Clara Tauson","Barbora Krejcikova",107,1,1,1,"BW","NCTL",3,1,15.817,19.513,1,1.06177976952625,"tauson c.","krejcikova b.",1500,1557.11016512075,2246
"2021-wimbledon-2108","wimbledon",2021,"0:37:51",60,"Clara Tauson","Barbora Krejcikova",109,1,1,2,"C","NCTL",6,1,20.169,29.209,0,1.08162612035851,"tauson c.","krejcikova b.",1500,1557.11016512075,2271
"2021-wimbledon-2108","wimbledon",2021,"0:38:24",61,"Clara Tauson","Barbora Krejcikova",95,2,1,2,"B","NCTL",2,1,17.798,19.483,1,0.94270166453265,"tauson c.","krejcikova b.",1500,1557.11016512075,2304
"2021-wimbledon-2108","wimbledon",2021,"0:39:52",62,"Clara Tauson","Barbora Krejcikova",95,2,1,2,"BC","NCTL",2,1,17.182,18.355,1,0.94270166453265,"tauson c.","krejcikova b.",1500,1557.11016512075,2392
"2021-wimbledon-2108","wimbledon",2021,"0:41:36",64,"Clara Tauson","Barbora Krejcikova",105,1,2,2,"C","NCTL",1,2,17.968,17.526,0,1.04581673306773,"tauson c.","krejcikova b.",1500,1557.11016512075,2496
"2021-wimbledon-2108","wimbledon",2021,"0:41:55",65,"Clara Tauson","Barbora Krejcikova",87,2,2,1,"BC","CTL",6,2,23.818,23.103,0,0.866533864541833,"tauson c.","krejcikova b.",1500,1557.11016512075,2515
"2021-wimbledon-2108","wimbledon",2021,"0:43:20",67,"Clara Tauson","Barbora Krejcikova",105,1,2,1,"BC","CTL",4,2,36.41,33.07,1,1.04581673306773,"tauson c.","krejcikova b.",1500,1557.11016512075,2600
"2021-wimbledon-2108","wimbledon",2021,"0:43:45",68,"Clara Tauson","Barbora Krejcikova",101,1,2,2,"W","NCTL",3,2,33.294,18.727,0,1.00597609561753,"tauson c.","krejcikova b.",1500,1557.11016512075,2625
"2021-wimbledon-2108","wimbledon",2021,"0:44:15",69,"Clara Tauson","Barbora Krejcikova",86,2,2,2,"B","NCTL",1,2,20.62,25.059,1,0.856573705179283,"tauson c.","krejcikova b.",1500,1557.11016512075,2655
"2021-wimbledon-2108","wimbledon",2021,"0:44:51",70,"Clara Tauson","Barbora Krejcikova",91,2,2,2,"B","NCTL",9,2,45.857,34.079,1,0.906374501992032,"tauson c.","krejcikova b.",1500,1557.11016512075,2691
"2021-wimbledon-2108","wimbledon",2021,"0:45:48",71,"Clara Tauson","Barbora Krejcikova",91,2,2,2,"B","NCTL",7,2,37.327,24.283,1,0.906374501992032,"tauson c.","krejcikova b.",1500,1557.11016512075,2748
"2021-wimbledon-2108","wimbledon",2021,"0:46:51",72,"Clara Tauson","Barbora Krejcikova",97,2,1,2,"BC","CTL",10,3,43.462,40.453,1,0.962548015364917,"tauson c.","krejcikova b.",1500,1557.11016512075,2811
"2021-wimbledon-2108","wimbledon",2021,"0:47:40",73,"Clara Tauson","Barbora Krejcikova",89,2,1,2,"W","NCTL",6,3,29.075,29.552,1,0.883162612035851,"tauson c.","krejcikova b.",1500,1557.11016512075,2860
"2021-wimbledon-2108","wimbledon",2021,"0:48:21",74,"Clara Tauson","Barbora Krejcikova",95,1,1,1,"BW","NCTL",5,3,23.615,22.619,1,0.94270166453265,"tauson c.","krejcikova b.",1500,1557.11016512075,2901
"2021-wimbledon-2108","wimbledon",2021,"0:48:53",75,"Clara Tauson","Barbora Krejcikova",100,1,1,2,"W","CTL",2,3,16.538,17.463,0,0.992317541613316,"tauson c.","krejcikova b.",1500,1557.11016512075,2933
"2021-wimbledon-2108","wimbledon",2021,"0:51:16",77,"Clara Tauson","Barbora Krejcikova",102,1,2,1,"BC","CTL",2,4,23.325,25.213,1,1.01593625498008,"tauson c.","krejcikova b.",1500,1557.11016512075,3076
"2021-wimbledon-2108","wimbledon",2021,"0:51:36",78,"Clara Tauson","Barbora Krejcikova",90,2,2,2,"B","NCTL",3,4,20.04,28.406,1,0.896414342629482,"tauson c.","krejcikova b.",1500,1557.11016512075,3096
"2021-wimbledon-2108","wimbledon",2021,"0:52:16",79,"Clara Tauson","Barbora Krejcikova",101,1,2,1,"W","NCTL",4,4,27.797,20.21,1,1.00597609561753,"tauson c.","krejcikova b.",1500,1557.11016512075,3136
"2021-wimbledon-2108","wimbledon",2021,"0:52:49",80,"Clara Tauson","Barbora Krejcikova",104,1,2,1,"C","NCTL",8,4,35.092,33.922,1,1.03585657370518,"tauson c.","krejcikova b.",1500,1557.11016512075,3169
"2021-wimbledon-2108","wimbledon",2021,"0:53:21",81,"Clara Tauson","Barbora Krejcikova",91,2,2,2,"B","CTL",3,4,26.202,29.868,1,0.906374501992032,"tauson c.","krejcikova b.",1500,1557.11016512075,3201
"2021-wimbledon-2108","wimbledon",2021,"0:54:09",82,"Clara Tauson","Barbora Krejcikova",104,1,2,2,"B","NCTL",3,4,21.768,15.562,0,1.03585657370518,"tauson c.","krejcikova b.",1500,1557.11016512075,3249
"2021-wimbledon-2108","wimbledon",2021,"0:54:36",83,"Clara Tauson","Barbora Krejcikova",93,2,2,2,"B","NCTL",7,4,31.7,30.337,1,0.926294820717131,"tauson c.","krejcikova b.",1500,1557.11016512075,3276
"2021-wimbledon-2108","wimbledon",2021,"0:55:21",84,"Clara Tauson","Barbora Krejcikova",106,1,2,2,"B","NCTL",1,4,15.325,13.812,0,1.05577689243028,"tauson c.","krejcikova b.",1500,1557.11016512075,3321
"2021-wimbledon-2108","wimbledon",2021,"0:56:13",85,"Clara Tauson","Barbora Krejcikova",98,1,1,1,"BC","CTL",5,5,22.591,33.851,1,0.97247119078105,"tauson c.","krejcikova b.",1500,1557.11016512075,3373
"2021-wimbledon-2108","wimbledon",2021,"0:56:42",86,"Clara Tauson","Barbora Krejcikova",94,2,1,2,"B","NCTL",4,5,16.209,22.526,1,0.932778489116517,"tauson c.","krejcikova b.",1500,1557.11016512075,3402
"2021-wimbledon-2108","wimbledon",2021,"0:57:22",87,"Clara Tauson","Barbora Krejcikova",96,1,1,1,"BW","NCTL",5,5,23.565,26.693,1,0.952624839948784,"tauson c.","krejcikova b.",1500,1557.11016512075,3442
"2021-wimbledon-2108","wimbledon",2021,"0:57:47",88,"Clara Tauson","Barbora Krejcikova",95,2,1,2,"BC","NCTL",2,5,17.538,18.871,1,0.94270166453265,"tauson c.","krejcikova b.",1500,1557.11016512075,3467
"2021-wimbledon-2108","wimbledon",2021,"0:58:47",90,"Clara Tauson","Barbora Krejcikova",99,1,1,2,"BW","NCTL",2,5,19.198,19.937,0,0.982394366197183,"tauson c.","krejcikova b.",1500,1557.11016512075,3527
"2021-wimbledon-2108","wimbledon",2021,"0:59:10",91,"Clara Tauson","Barbora Krejcikova",94,1,1,1,"W","CTL",3,5,15.976,23.989,1,0.932778489116517,"tauson c.","krejcikova b.",1500,1557.11016512075,3550
"2021-wimbledon-2108","wimbledon",2021,"0:59:36",92,"Clara Tauson","Barbora Krejcikova",95,1,1,1,"C","NCTL",1,5,12.375,14.531,1,0.94270166453265,"tauson c.","krejcikova b.",1500,1557.11016512075,3576
"2021-wimbledon-2108","wimbledon",2021,"1:01:23",93,"Clara Tauson","Barbora Krejcikova",103,1,2,2,"C","NCTL",3,6,20.13,13.514,0,1.02589641434263,"tauson c.","krejcikova b.",1500,1557.11016512075,3683
"2021-wimbledon-2108","wimbledon",2021,"1:01:48",94,"Clara Tauson","Barbora Krejcikova",85,2,2,2,"B","NCTL",1,6,14.222,15.533,1,0.846613545816733,"tauson c.","krejcikova b.",1500,1557.11016512075,3708
"2021-wimbledon-2108","wimbledon",2021,"1:02:21",95,"Clara Tauson","Barbora Krejcikova",93,1,2,2,"W","NCTL",1,6,16.769,15.943,0,0.926294820717131,"tauson c.","krejcikova b.",1500,1557.11016512075,3741
"2021-wimbledon-2108","wimbledon",2021,"1:02:40",96,"Clara Tauson","Barbora Krejcikova",101,1,2,2,"C","NCTL",1,6,21.111,18.089,0,1.00597609561753,"tauson c.","krejcikova b.",1500,1557.11016512075,3760
"2021-wimbledon-2108","wimbledon",2021,"1:03:11",97,"Clara Tauson","Barbora Krejcikova",104,1,1,1,"C","NCTL",3,7,17.324,22.466,1,1.03201024327785,"tauson c.","krejcikova b.",1500,1557.11016512075,3791
"2021-wimbledon-2108","wimbledon",2021,"1:03:29",98,"Clara Tauson","Barbora Krejcikova",106,1,1,1,"C","NCTL",1,7,15.75,19.283,1,1.05185659411012,"tauson c.","krejcikova b.",1500,1557.11016512075,3809
"2021-wimbledon-2108","wimbledon",2021,"1:03:44",99,"Clara Tauson","Barbora Krejcikova",108,1,1,2,"BC","NCTL",4,7,33.927,28.142,0,1.07170294494238,"tauson c.","krejcikova b.",1500,1557.11016512075,3824
"2021-wimbledon-2108","wimbledon",2021,"1:04:10",100,"Clara Tauson","Barbora Krejcikova",89,2,1,2,"W","NCTL",2,7,17.108,16.997,1,0.883162612035851,"tauson c.","krejcikova b.",1500,1557.11016512075,3850
"2021-wimbledon-2108","wimbledon",2021,"1:05:01",101,"Clara Tauson","Barbora Krejcikova",93,2,1,2,"BC","NCTL",6,7,27.218,33.88,1,0.922855313700384,"tauson c.","krejcikova b.",1500,1557.11016512075,3901
"2021-wimbledon-2108","wimbledon",2021,"1:05:49",102,"Clara Tauson","Barbora Krejcikova",105,1,1,1,"W","CTL",1,7,4.124,17.216,1,1.04193341869398,"tauson c.","krejcikova b.",1500,1557.11016512075,3949
"2021-wimbledon-2108","wimbledon",2021,"1:06:09",103,"Clara Tauson","Barbora Krejcikova",105,1,1,1,"C","CTL",3,7,16.32,22.238,1,1.04193341869398,"tauson c.","krejcikova b.",1500,1557.11016512075,3969
"2021-wimbledon-2108","wimbledon",2021,"1:06:31",104,"Clara Tauson","Barbora Krejcikova",104,1,1,1,"W","NCTL",3,7,17.131,20.634,1,1.03201024327785,"tauson c.","krejcikova b.",1500,1557.11016512075,3991
"2021-wimbledon-2108","wimbledon",2021,"1:08:06",105,"Clara Tauson","Barbora Krejcikova",96,1,2,2,"","",3,8,0,0,0,0.956175298804781,"tauson c.","krejcikova b.",1500,1557.11016512075,4086
"2021-wimbledon-2108","wimbledon",2021,"1:08:28",106,"Clara Tauson","Barbora Krejcikova",99,1,2,2,"C","NCTL",1,8,13.008,12.371,0,0.98605577689243,"tauson c.","krejcikova b.",1500,1557.11016512075,4108
"2021-wimbledon-2108","wimbledon",2021,"1:08:45",107,"Clara Tauson","Barbora Krejcikova",89,2,2,1,"B","NCTL",2,8,23.076,19.486,0,0.886454183266932,"tauson c.","krejcikova b.",1500,1557.11016512075,4125
"2021-wimbledon-2108","wimbledon",2021,"1:09:21",108,"Clara Tauson","Barbora Krejcikova",98,1,2,1,"BW","NCTL",2,8,21.582,21.367,1,0.97609561752988,"tauson c.","krejcikova b.",1500,1557.11016512075,4161
"2021-wimbledon-2108","wimbledon",2021,"1:09:44",109,"Clara Tauson","Barbora Krejcikova",94,1,2,2,"W","NCTL",1,8,14.473,13.017,0,0.936254980079681,"tauson c.","krejcikova b.",1500,1557.11016512075,4184
"2021-wimbledon-2108","wimbledon",2021,"1:10:04",110,"Clara Tauson","Barbora Krejcikova",99,1,2,2,"C","NCTL",5,8,29.035,23.969,0,0.98605577689243,"tauson c.","krejcikova b.",1500,1557.11016512075,4204
"2021-wimbledon-2109","wimbledon",2021,"0:00:00",1,"Victoria Azarenka","Kateryna Kozlova",84,2,1,2,"BC","NCTL",6,1,32.05,27.993,1,0.810402684563758,"azarenka v.","kozlova k.",1522.891844153,1500,0
"2021-wimbledon-2109","wimbledon",2021,"0:00:46",2,"Victoria Azarenka","Kateryna Kozlova",82,2,1,1,"BC","NCTL",9,1,43.787,43.062,0,0.791107382550336,"azarenka v.","kozlova k.",1522.891844153,1500,46
"2021-wimbledon-2109","wimbledon",2021,"0:01:30",3,"Victoria Azarenka","Kateryna Kozlova",100,1,1,2,"W","NCTL",4,1,24.828,26.591,0,0.964765100671141,"azarenka v.","kozlova k.",1522.891844153,1500,90
"2021-wimbledon-2109","wimbledon",2021,"0:01:59",4,"Victoria Azarenka","Kateryna Kozlova",91,2,1,1,"B","NCTL",5,1,29.634,31.191,0,0.877936241610738,"azarenka v.","kozlova k.",1522.891844153,1500,119
"2021-wimbledon-2109","wimbledon",2021,"0:02:34",5,"Victoria Azarenka","Kateryna Kozlova",83,2,1,1,"B","NCTL",9,1,35.957,40.327,0,0.800755033557047,"azarenka v.","kozlova k.",1522.891844153,1500,154
"2021-wimbledon-2109","wimbledon",2021,"0:03:19",6,"Victoria Azarenka","Kateryna Kozlova",108,1,1,1,"B","NCTL",1,1,7.451,6.854,1,1.04194630872483,"azarenka v.","kozlova k.",1522.891844153,1500,199
"2021-wimbledon-2109","wimbledon",2021,"0:04:17",7,"Victoria Azarenka","Kateryna Kozlova",94,1,2,1,"BW","NCTL",14,2,48.85,63.785,1,0.946103896103896,"azarenka v.","kozlova k.",1522.891844153,1500,257
"2021-wimbledon-2109","wimbledon",2021,"0:05:04",8,"Victoria Azarenka","Kateryna Kozlova",81,2,2,2,"BC","NCTL",7,2,29.237,34.63,1,0.81525974025974,"azarenka v.","kozlova k.",1522.891844153,1500,304
"2021-wimbledon-2109","wimbledon",2021,"0:05:53",9,"Victoria Azarenka","Kateryna Kozlova",89,2,2,1,"BC","NCTL",2,2,14.887,16.822,0,0.895779220779221,"azarenka v.","kozlova k.",1522.891844153,1500,353
"2021-wimbledon-2109","wimbledon",2021,"0:06:31",10,"Victoria Azarenka","Kateryna Kozlova",81,2,2,1,"B","NCTL",12,2,53.456,54.337,0,0.81525974025974,"azarenka v.","kozlova k.",1522.891844153,1500,391
"2021-wimbledon-2109","wimbledon",2021,"0:07:27",11,"Victoria Azarenka","Kateryna Kozlova",108,1,2,2,"C","CTL",1,2,13.758,11.919,0,1.08701298701299,"azarenka v.","kozlova k.",1522.891844153,1500,447
"2021-wimbledon-2109","wimbledon",2021,"0:08:17",12,"Victoria Azarenka","Kateryna Kozlova",71,2,2,1,"B","NCTL",4,2,17.754,23.863,0,0.71461038961039,"azarenka v.","kozlova k.",1522.891844153,1500,497
"2021-wimbledon-2109","wimbledon",2021,"0:09:02",13,"Victoria Azarenka","Kateryna Kozlova",83,2,1,1,"B","NCTL",3,3,27.378,27.105,0,0.800755033557047,"azarenka v.","kozlova k.",1522.891844153,1500,542
"2021-wimbledon-2109","wimbledon",2021,"0:09:39",14,"Victoria Azarenka","Kateryna Kozlova",108,1,1,1,"W","CTL",3,3,21.614,26.241,1,1.04194630872483,"azarenka v.","kozlova k.",1522.891844153,1500,579
"2021-wimbledon-2109","wimbledon",2021,"0:10:01",15,"Victoria Azarenka","Kateryna Kozlova",93,2,1,2,"BC","CTL",2,3,16.32,19.938,1,0.897231543624161,"azarenka v.","kozlova k.",1522.891844153,1500,601
"2021-wimbledon-2109","wimbledon",2021,"0:10:34",16,"Victoria Azarenka","Kateryna Kozlova",82,2,1,2,"BC","NCTL",4,3,22.39,25.568,1,0.791107382550336,"azarenka v.","kozlova k.",1522.891844153,1500,634
"2021-wimbledon-2109","wimbledon",2021,"0:11:14",17,"Victoria Azarenka","Kateryna Kozlova",81,2,1,1,"BW","NCTL",1,3,15.92,16.796,0,0.781459731543624,"azarenka v.","kozlova k.",1522.891844153,1500,674
"2021-wimbledon-2109","wimbledon",2021,"0:11:52",18,"Victoria Azarenka","Kateryna Kozlova",108,1,1,1,"C","NCTL",1,3,12.314,13.481,1,1.04194630872483,"azarenka v.","kozlova k.",1522.891844153,1500,712
"2021-wimbledon-2109","wimbledon",2021,"0:13:46",19,"Victoria Azarenka","Kateryna Kozlova",87,2,2,1,"BW","NCTL",2,4,21.195,17.753,0,0.875649350649351,"azarenka v.","kozlova k.",1522.891844153,1500,826
"2021-wimbledon-2109","wimbledon",2021,"0:14:13",20,"Victoria Azarenka","Kateryna Kozlova",91,2,2,1,"BC","NCTL",2,4,14.153,15.806,0,0.915909090909091,"azarenka v.","kozlova k.",1522.891844153,1500,853
"2021-wimbledon-2109","wimbledon",2021,"0:14:38",21,"Victoria Azarenka","Kateryna Kozlova",104,1,2,1,"BC","NCTL",8,4,37.359,39.053,1,1.04675324675325,"azarenka v.","kozlova k.",1522.891844153,1500,878
"2021-wimbledon-2109","wimbledon",2021,"0:15:10",22,"Victoria Azarenka","Kateryna Kozlova",85,2,2,1,"BW","NCTL",2,4,22.263,18.618,0,0.85551948051948,"azarenka v.","kozlova k.",1522.891844153,1500,910
"2021-wimbledon-2109","wimbledon",2021,"0:15:53",23,"Victoria Azarenka","Kateryna Kozlova",98,1,1,2,"W","CTL",4,5,20.165,27.333,0,0.945469798657718,"azarenka v.","kozlova k.",1522.891844153,1500,953
"2021-wimbledon-2109","wimbledon",2021,"0:16:59",24,"Victoria Azarenka","Kateryna Kozlova",83,2,1,1,"BC","NCTL",3,5,22.454,26.298,0,0.800755033557047,"azarenka v.","kozlova k.",1522.891844153,1500,1019
"2021-wimbledon-2109","wimbledon",2021,"0:17:29",25,"Victoria Azarenka","Kateryna Kozlova",89,2,1,1,"BC","NCTL",5,5,33.584,21.433,0,0.858640939597315,"azarenka v.","kozlova k.",1522.891844153,1500,1049
"2021-wimbledon-2109","wimbledon",2021,"0:18:18",26,"Victoria Azarenka","Kateryna Kozlova",108,1,1,1,"C","NCTL",5,5,22.05,34.725,1,1.04194630872483,"azarenka v.","kozlova k.",1522.891844153,1500,1098
"2021-wimbledon-2109","wimbledon",2021,"0:18:44",27,"Victoria Azarenka","Kateryna Kozlova",87,2,1,1,"B","NCTL",1,5,15.548,15.081,0,0.839345637583893,"azarenka v.","kozlova k.",1522.891844153,1500,1124
"2021-wimbledon-2109","wimbledon",2021,"0:20:34",28,"Victoria Azarenka","Kateryna Kozlova",92,1,2,1,"BC","NCTL",10,6,39.921,45.371,1,0.925974025974026,"azarenka v.","kozlova k.",1522.891844153,1500,1234
"2021-wimbledon-2109","wimbledon",2021,"0:21:08",29,"Victoria Azarenka","Kateryna Kozlova",92,2,2,1,"B","NCTL",2,6,14.465,15.269,0,0.925974025974026,"azarenka v.","kozlova k.",1522.891844153,1500,1268
"2021-wimbledon-2109","wimbledon",2021,"0:21:41",30,"Victoria Azarenka","Kateryna Kozlova",94,2,2,2,"BC","NCTL",9,6,39.231,40.159,1,0.946103896103896,"azarenka v.","kozlova k.",1522.891844153,1500,1301
"2021-wimbledon-2109","wimbledon",2021,"0:22:35",31,"Victoria Azarenka","Kateryna Kozlova",102,1,2,2,"W","CTL",1,6,20.639,17.558,0,1.02662337662338,"azarenka v.","kozlova k.",1522.891844153,1500,1355
"2021-wimbledon-2109","wimbledon",2021,"0:22:55",32,"Victoria Azarenka","Kateryna Kozlova",86,1,2,2,"W","CTL",1,6,26.18,25.791,0,0.865584415584416,"azarenka v.","kozlova k.",1522.891844153,1500,1375
"2021-wimbledon-2109","wimbledon",2021,"0:23:29",33,"Victoria Azarenka","Kateryna Kozlova",102,1,2,2,"W","CTL",3,6,28.097,18.606,0,1.02662337662338,"azarenka v.","kozlova k.",1522.891844153,1500,1409
"2021-wimbledon-2109","wimbledon",2021,"0:24:08",34,"Victoria Azarenka","Kateryna Kozlova",95,1,1,1,"W","CTL",3,7,17.018,29.523,1,0.916526845637584,"azarenka v.","kozlova k.",1522.891844153,1500,1448
"2021-wimbledon-2109","wimbledon",2021,"0:24:30",35,"Victoria Azarenka","Kateryna Kozlova",105,1,1,1,"C","NCTL",1,7,12.697,15.174,1,1.0130033557047,"azarenka v.","kozlova k.",1522.891844153,1500,1470
"2021-wimbledon-2109","wimbledon",2021,"0:24:49",36,"Victoria Azarenka","Kateryna Kozlova",102,1,1,1,"BW","NCTL",5,7,29.9,33.24,1,0.984060402684564,"azarenka v.","kozlova k.",1522.891844153,1500,1489
"2021-wimbledon-2109","wimbledon",2021,"0:25:16",37,"Victoria Azarenka","Kateryna Kozlova",86,2,1,2,"C","NCTL",4,7,20.366,22.328,1,0.829697986577181,"azarenka v.","kozlova k.",1522.891844153,1500,1516
"2021-wimbledon-2109","wimbledon",2021,"0:25:48",38,"Victoria Azarenka","Kateryna Kozlova",84,2,1,2,"W","CTL",12,7,42.918,45.437,1,0.810402684563758,"azarenka v.","kozlova k.",1522.891844153,1500,1548
"2021-wimbledon-2109","wimbledon",2021,"0:26:44",39,"Victoria Azarenka","Kateryna Kozlova",101,1,1,1,"W","CTL",3,7,6.438,22.152,1,0.974412751677852,"azarenka v.","kozlova k.",1522.891844153,1500,1604
"2021-wimbledon-2109","wimbledon",2021,"0:28:43",40,"Victoria Azarenka","Kateryna Kozlova",90,1,2,1,"W","CTL",6,1,35.253,32.757,1,0.905844155844156,"azarenka v.","kozlova k.",1522.891844153,1500,1723
"2021-wimbledon-2109","wimbledon",2021,"0:29:12",41,"Victoria Azarenka","Kateryna Kozlova",97,1,2,1,"C","NCTL",4,1,24.117,25.659,1,0.976298701298701,"azarenka v.","kozlova k.",1522.891844153,1500,1752
"2021-wimbledon-2109","wimbledon",2021,"0:29:38",42,"Victoria Azarenka","Kateryna Kozlova",102,1,2,1,"BC","NCTL",2,1,20.245,16.716,1,1.02662337662338,"azarenka v.","kozlova k.",1522.891844153,1500,1778
"2021-wimbledon-2109","wimbledon",2021,"0:30:00",43,"Victoria Azarenka","Kateryna Kozlova",103,1,2,1,"BW","CTL",2,1,39.212,22.181,1,1.03668831168831,"azarenka v.","kozlova k.",1522.891844153,1500,1800
"2021-wimbledon-2109","wimbledon",2021,"0:31:10",44,"Victoria Azarenka","Kateryna Kozlova",90,2,1,2,"B","NCTL",8,2,35.982,38.738,1,0.868288590604027,"azarenka v.","kozlova k.",1522.891844153,1500,1870
"2021-wimbledon-2109","wimbledon",2021,"0:32:05",45,"Victoria Azarenka","Kateryna Kozlova",105,1,1,1,"W","NCTL",3,2,15.109,21.67,1,1.0130033557047,"azarenka v.","kozlova k.",1522.891844153,1500,1925
"2021-wimbledon-2109","wimbledon",2021,"0:32:57",47,"Victoria Azarenka","Kateryna Kozlova",106,1,1,1,"","",1,2,0,0,1,1.02265100671141,"azarenka v.","kozlova k.",1522.891844153,1500,1977
"2021-wimbledon-2109","wimbledon",2021,"0:33:49",49,"Victoria Azarenka","Kateryna Kozlova",79,2,1,2,"","",14,2,0,0,1,0.762164429530201,"azarenka v.","kozlova k.",1522.891844153,1500,2029
"2021-wimbledon-2109","wimbledon",2021,"0:34:53",50,"Victoria Azarenka","Kateryna Kozlova",93,1,2,1,"BW","NCTL",10,3,59.866,58.427,1,0.936038961038961,"azarenka v.","kozlova k.",1522.891844153,1500,2093
"2021-wimbledon-2109","wimbledon",2021,"0:36:20",52,"Victoria Azarenka","Kateryna Kozlova",90,2,2,1,"BC","CTL",4,3,25.929,27.381,0,0.905844155844156,"azarenka v.","kozlova k.",1522.891844153,1500,2180
"2021-wimbledon-2109","wimbledon",2021,"0:36:57",53,"Victoria Azarenka","Kateryna Kozlova",97,1,2,2,"B","NCTL",5,3,54.988,28.189,0,0.976298701298701,"azarenka v.","kozlova k.",1522.891844153,1500,2217
"2021-wimbledon-2109","wimbledon",2021,"0:37:24",54,"Victoria Azarenka","Kateryna Kozlova",104,1,2,2,"C","CTL",1,3,18.16,16.412,0,1.04675324675325,"azarenka v.","kozlova k.",1522.891844153,1500,2244
"2021-wimbledon-2109","wimbledon",2021,"0:39:45",56,"Victoria Azarenka","Kateryna Kozlova",99,1,1,1,"BC","CTL",13,4,53.365,50.42,1,0.955117449664429,"azarenka v.","kozlova k.",1522.891844153,1500,2385
"2021-wimbledon-2109","wimbledon",2021,"0:40:23",57,"Victoria Azarenka","Kateryna Kozlova",104,1,1,1,"C","CTL",1,4,6.997,20.203,1,1.00335570469799,"azarenka v.","kozlova k.",1522.891844153,1500,2423
"2021-wimbledon-2109","wimbledon",2021,"0:40:39",58,"Victoria Azarenka","Kateryna Kozlova",92,1,1,1,"W","CTL",1,4,12.095,14.03,1,0.88758389261745,"azarenka v.","kozlova k.",1522.891844153,1500,2439
"2021-wimbledon-2109","wimbledon",2021,"0:40:56",59,"Victoria Azarenka","Kateryna Kozlova",108,1,1,1,"W","CTL",1,4,12.457,13.799,1,1.04194630872483,"azarenka v.","kozlova k.",1522.891844153,1500,2456
"2021-wimbledon-2109","wimbledon",2021,"0:41:27",60,"Victoria Azarenka","Kateryna Kozlova",89,2,2,1,"B","NCTL",2,5,16.309,23.167,0,0.895779220779221,"azarenka v.","kozlova k.",1522.891844153,1500,2487
"2021-wimbledon-2109","wimbledon",2021,"0:42:05",61,"Victoria Azarenka","Kateryna Kozlova",101,1,2,2,"BW","NCTL",1,5,16.377,15.141,0,1.01655844155844,"azarenka v.","kozlova k.",1522.891844153,1500,2525
"2021-wimbledon-2109","wimbledon",2021,"0:42:27",62,"Victoria Azarenka","Kateryna Kozlova",104,1,2,1,"C","NCTL",2,5,20.006,16.512,1,1.04675324675325,"azarenka v.","kozlova k.",1522.891844153,1500,2547
"2021-wimbledon-2109","wimbledon",2021,"0:43:22",64,"Victoria Azarenka","Kateryna Kozlova",86,2,2,2,"BC","NCTL",1,5,14.737,15.737,1,0.865584415584416,"azarenka v.","kozlova k.",1522.891844153,1500,2602
"2021-wimbledon-2109","wimbledon",2021,"0:44:08",65,"Victoria Azarenka","Kateryna Kozlova",93,1,2,1,"C","NCTL",4,5,38.942,24.695,1,0.936038961038961,"azarenka v.","kozlova k.",1522.891844153,1500,2648
"2021-wimbledon-2109","wimbledon",2021,"0:45:49",66,"Victoria Azarenka","Kateryna Kozlova",89,2,1,1,"B","CTL",3,6,19.045,19.535,0,0.858640939597315,"azarenka v.","kozlova k.",1522.891844153,1500,2749
"2021-wimbledon-2109","wimbledon",2021,"0:46:38",67,"Victoria Azarenka","Kateryna Kozlova",110,1,1,1,"B","CTL",3,6,16.887,22.51,1,1.06124161073825,"azarenka v.","kozlova k.",1522.891844153,1500,2798
"2021-wimbledon-2109","wimbledon",2021,"0:47:04",68,"Victoria Azarenka","Kateryna Kozlova",110,1,1,1,"C","CTL",1,6,12.51,13.809,1,1.06124161073825,"azarenka v.","kozlova k.",1522.891844153,1500,2824
"2021-wimbledon-2109","wimbledon",2021,"0:47:21",69,"Victoria Azarenka","Kateryna Kozlova",108,1,1,2,"BC","CTL",2,6,14.511,22.207,0,1.04194630872483,"azarenka v.","kozlova k.",1522.891844153,1500,2841
"2021-wimbledon-2109","wimbledon",2021,"0:47:44",70,"Victoria Azarenka","Kateryna Kozlova",102,1,1,1,"W","NCTL",1,6,27.922,28.983,1,0.984060402684564,"azarenka v.","kozlova k.",1522.891844153,1500,2864
"2021-wimbledon-2109","wimbledon",2021,"0:48:16",71,"Victoria Azarenka","Kateryna Kozlova",105,1,2,2,"BC","CTL",1,7,16.193,18.455,0,1.05681818181818,"azarenka v.","kozlova k.",1522.891844153,1500,2896
"2021-wimbledon-2109","wimbledon",2021,"0:48:35",72,"Victoria Azarenka","Kateryna Kozlova",99,1,2,2,"BC","CTL",13,7,52.604,55.969,0,0.996428571428571,"azarenka v.","kozlova k.",1522.891844153,1500,2915
"2021-wimbledon-2109","wimbledon",2021,"0:49:17",73,"Victoria Azarenka","Kateryna Kozlova",100,1,2,2,"C","NCTL",1,7,17.757,17.635,0,1.00649350649351,"azarenka v.","kozlova k.",1522.891844153,1500,2957
"2021-wimbledon-2109","wimbledon",2021,"0:49:36",74,"Victoria Azarenka","Kateryna Kozlova",85,2,2,2,"B","NCTL",7,7,29.997,35.149,1,0.85551948051948,"azarenka v.","kozlova k.",1522.891844153,1500,2976
"2021-wimbledon-2109","wimbledon",2021,"0:51:27",75,"Victoria Azarenka","Kateryna Kozlova",98,1,1,2,"W","CTL",4,8,18.469,31.48,0,0.945469798657718,"azarenka v.","kozlova k.",1522.891844153,1500,3087
"2021-wimbledon-2109","wimbledon",2021,"0:52:09",76,"Victoria Azarenka","Kateryna Kozlova",81,2,1,2,"C","CTL",4,8,23.209,23.767,1,0.781459731543624,"azarenka v.","kozlova k.",1522.891844153,1500,3129
"2021-wimbledon-2109","wimbledon",2021,"0:52:34",77,"Victoria Azarenka","Kateryna Kozlova",101,1,1,2,"BW","CTL",4,8,15.145,19.502,0,0.974412751677852,"azarenka v.","kozlova k.",1522.891844153,1500,3154
"2021-wimbledon-2109","wimbledon",2021,"0:53:00",78,"Victoria Azarenka","Kateryna Kozlova",108,1,1,2,"B","NCTL",2,8,15.509,20.56,0,1.04194630872483,"azarenka v.","kozlova k.",1522.891844153,1500,3180
"2021-wimbledon-2109","wimbledon",2021,"0:53:36",79,"Victoria Azarenka","Kateryna Kozlova",103,1,2,2,"C","NCTL",1,9,20.766,16.988,0,1.03668831168831,"azarenka v.","kozlova k.",1522.891844153,1500,3216
"2021-wimbledon-2109","wimbledon",2021,"0:53:56",80,"Victoria Azarenka","Kateryna Kozlova",96,2,2,1,"B","CTL",2,9,20.963,18.824,0,0.966233766233766,"azarenka v.","kozlova k.",1522.891844153,1500,3236
"2021-wimbledon-2109","wimbledon",2021,"0:54:30",81,"Victoria Azarenka","Kateryna Kozlova",106,1,2,2,"C","NCTL",1,9,20.093,16.743,0,1.06688311688312,"azarenka v.","kozlova k.",1522.891844153,1500,3270
"2021-wimbledon-2109","wimbledon",2021,"0:54:50",82,"Victoria Azarenka","Kateryna Kozlova",102,1,2,1,"B","NCTL",8,9,30.736,34.153,1,1.02662337662338,"azarenka v.","kozlova k.",1522.891844153,1500,3290
"2021-wimbledon-2109","wimbledon",2021,"0:55:22",83,"Victoria Azarenka","Kateryna Kozlova",101,1,2,1,"BC","NCTL",10,9,38.594,42.021,1,1.01655844155844,"azarenka v.","kozlova k.",1522.891844153,1500,3322
"2021-wimbledon-2109","wimbledon",2021,"0:56:00",84,"Victoria Azarenka","Kateryna Kozlova",103,1,2,2,"W","NCTL",1,9,18.139,16.933,0,1.03668831168831,"azarenka v.","kozlova k.",1522.891844153,1500,3360
"2021-wimbledon-2109","wimbledon",2021,"0:56:21",85,"Victoria Azarenka","Kateryna Kozlova",89,1,2,1,"W","CTL",8,9,43.539,41.791,1,0.895779220779221,"azarenka v.","kozlova k.",1522.891844153,1500,3381
"2021-wimbledon-2109","wimbledon",2021,"0:57:00",86,"Victoria Azarenka","Kateryna Kozlova",102,1,2,2,"BW","CTL",1,9,16.826,18.014,0,1.02662337662338,"azarenka v.","kozlova k.",1522.891844153,1500,3420
"2021-wimbledon-2109","wimbledon",2021,"0:57:18",87,"Victoria Azarenka","Kateryna Kozlova",92,1,2,1,"BW","CTL",2,9,19.528,19.479,1,0.925974025974026,"azarenka v.","kozlova k.",1522.891844153,1500,3438
"2021-wimbledon-2109","wimbledon",2021,"0:57:41",88,"Victoria Azarenka","Kateryna Kozlova",101,1,2,2,"BW","NCTL",9,9,44.965,49.674,0,1.01655844155844,"azarenka v.","kozlova k.",1522.891844153,1500,3461
"2021-wimbledon-2109","wimbledon",2021,"0:58:19",89,"Victoria Azarenka","Kateryna Kozlova",88,2,2,1,"B","NCTL",6,9,39.355,32.742,0,0.885714285714286,"azarenka v.","kozlova k.",1522.891844153,1500,3499
"2021-wimbledon-2109","wimbledon",2021,"0:59:09",90,"Victoria Azarenka","Kateryna Kozlova",91,2,2,2,"B","NCTL",3,9,24.173,22.694,1,0.915909090909091,"azarenka v.","kozlova k.",1522.891844153,1500,3549
"2021-wimbledon-2109","wimbledon",2021,"0:59:41",91,"Victoria Azarenka","Kateryna Kozlova",101,1,2,2,"C","NCTL",11,9,46.728,52.454,0,1.01655844155844,"azarenka v.","kozlova k.",1522.891844153,1500,3581
"2021-wimbledon-2109","wimbledon",2021,"1:00:23",92,"Victoria Azarenka","Kateryna Kozlova",104,1,2,1,"BW","CTL",2,9,25.664,18.159,1,1.04675324675325,"azarenka v.","kozlova k.",1522.891844153,1500,3623
"2021-wimbledon-2109","wimbledon",2021,"1:00:50",93,"Victoria Azarenka","Kateryna Kozlova",91,2,2,1,"B","NCTL",2,9,14.361,15.908,0,0.915909090909091,"azarenka v.","kozlova k.",1522.891844153,1500,3650
"2021-wimbledon-2116","wimbledon",2021,"0:00:00",1,"Alize Cornet","Bianca Andreescu",96,1,2,2,"W","NCTL",3,1,25.683,15.813,0,0.985714285714286,"cornet a.","andreescu b.",1524.41796709653,1500,0
"2021-wimbledon-2116","wimbledon",2021,"0:00:23",2,"Alize Cornet","Bianca Andreescu",79,2,2,1,"W","CTL",4,1,26.937,30.353,0,0.811160714285714,"cornet a.","andreescu b.",1524.41796709653,1500,23
"2021-wimbledon-2116","wimbledon",2021,"0:01:02",3,"Alize Cornet","Bianca Andreescu",99,1,2,2,"B","NCTL",3,1,20.269,16.364,0,1.01651785714286,"cornet a.","andreescu b.",1524.41796709653,1500,62
"2021-wimbledon-2116","wimbledon",2021,"0:01:31",4,"Alize Cornet","Bianca Andreescu",99,1,2,2,"BW","NCTL",1,1,15.029,15.774,0,1.01651785714286,"cornet a.","andreescu b.",1524.41796709653,1500,91
"2021-wimbledon-2116","wimbledon",2021,"0:01:51",5,"Alize Cornet","Bianca Andreescu",92,2,2,1,"C","NCTL",2,1,15.601,16.767,0,0.944642857142857,"cornet a.","andreescu b.",1524.41796709653,1500,111
"2021-wimbledon-2116","wimbledon",2021,"0:02:32",6,"Alize Cornet","Bianca Andreescu",90,2,2,1,"BC","NCTL",6,1,39.066,39.569,0,0.924107142857143,"cornet a.","andreescu b.",1524.41796709653,1500,152
"2021-wimbledon-2116","wimbledon",2021,"0:03:31",7,"Alize Cornet","Bianca Andreescu",108,1,2,2,"C","NCTL",3,1,20.496,14.667,0,1.10892857142857,"cornet a.","andreescu b.",1524.41796709653,1500,211
"2021-wimbledon-2116","wimbledon",2021,"0:03:59",8,"Alize Cornet","Bianca Andreescu",100,1,2,2,"W","CTL",5,1,37.117,21.978,0,1.02678571428571,"cornet a.","andreescu b.",1524.41796709653,1500,239
"2021-wimbledon-2116","wimbledon",2021,"0:05:04",9,"Alize Cornet","Bianca Andreescu",76,2,1,1,"BC","NCTL",1,2,16.682,14.47,0,0.802905249257181,"cornet a.","andreescu b.",1524.41796709653,1500,304
"2021-wimbledon-2116","wimbledon",2021,"0:06:34",10,"Alize Cornet","Bianca Andreescu",91,1,1,1,"BC","NCTL",7,2,39.337,38.608,1,0.96137339055794,"cornet a.","andreescu b.",1524.41796709653,1500,394
"2021-wimbledon-2116","wimbledon",2021,"0:07:07",11,"Alize Cornet","Bianca Andreescu",96,1,1,2,"B","CTL",8,2,40.366,39.983,0,1.01419610432486,"cornet a.","andreescu b.",1524.41796709653,1500,427
"2021-wimbledon-2116","wimbledon",2021,"0:07:48",12,"Alize Cornet","Bianca Andreescu",100,1,1,1,"W","CTL",1,2,18.947,20.006,1,1.0564542753384,"cornet a.","andreescu b.",1524.41796709653,1500,468
"2021-wimbledon-2116","wimbledon",2021,"0:08:09",13,"Alize Cornet","Bianca Andreescu",79,2,1,2,"B","NCTL",2,2,19.828,23.704,1,0.834598877517332,"cornet a.","andreescu b.",1524.41796709653,1500,489
"2021-wimbledon-2116","wimbledon",2021,"0:08:50",14,"Alize Cornet","Bianca Andreescu",101,1,1,1,"W","NCTL",7,2,30.137,37.217,1,1.06701881809178,"cornet a.","andreescu b.",1524.41796709653,1500,530
"2021-wimbledon-2116","wimbledon",2021,"0:09:45",15,"Alize Cornet","Bianca Andreescu",91,1,2,2,"W","CTL",3,3,32.835,27.888,0,0.934375,"cornet a.","andreescu b.",1524.41796709653,1500,585
"2021-wimbledon-2116","wimbledon",2021,"0:10:20",16,"Alize Cornet","Bianca Andreescu",102,1,2,2,"C","NCTL",1,3,19.271,17.384,0,1.04732142857143,"cornet a.","andreescu b.",1524.41796709653,1500,620
"2021-wimbledon-2116","wimbledon",2021,"0:10:45",17,"Alize Cornet","Bianca Andreescu",93,2,2,2,"BW","NCTL",5,3,26.602,21.741,1,0.954910714285714,"cornet a.","andreescu b.",1524.41796709653,1500,645
"2021-wimbledon-2116","wimbledon",2021,"0:11:32",18,"Alize Cornet","Bianca Andreescu",102,1,2,2,"C","CTL",5,3,23.991,21.903,0,1.04732142857143,"cornet a.","andreescu b.",1524.41796709653,1500,692
"2021-wimbledon-2116","wimbledon",2021,"0:13:23",19,"Alize Cornet","Bianca Andreescu",83,1,1,2,"BW","NCTL",4,4,25.965,19.215,0,0.876857048530868,"cornet a.","andreescu b.",1524.41796709653,1500,803
"2021-wimbledon-2116","wimbledon",2021,"0:13:52",20,"Alize Cornet","Bianca Andreescu",81,2,1,2,"B","NCTL",6,4,32.092,26.038,1,0.8557279630241,"cornet a.","andreescu b.",1524.41796709653,1500,832
"2021-wimbledon-2116","wimbledon",2021,"0:15:08",21,"Alize Cornet","Bianca Andreescu",82,2,1,1,"BC","NCTL",7,4,36.054,36.291,0,0.866292505777484,"cornet a.","andreescu b.",1524.41796709653,1500,908
"2021-wimbledon-2116","wimbledon",2021,"0:15:52",22,"Alize Cornet","Bianca Andreescu",81,2,1,1,"B","NCTL",3,4,17.679,20.476,0,0.8557279630241,"cornet a.","andreescu b.",1524.41796709653,1500,952
"2021-wimbledon-2116","wimbledon",2021,"0:16:30",23,"Alize Cornet","Bianca Andreescu",90,1,1,1,"W","CTL",9,4,42.858,46.806,1,0.950808847804556,"cornet a.","andreescu b.",1524.41796709653,1500,990
"2021-wimbledon-2116","wimbledon",2021,"0:17:11",24,"Alize Cornet","Bianca Andreescu",95,1,1,1,"C","CTL",1,4,15.754,17.903,1,1.00363156157148,"cornet a.","andreescu b.",1524.41796709653,1500,1031
"2021-wimbledon-2116","wimbledon",2021,"0:17:59",25,"Alize Cornet","Bianca Andreescu",99,1,2,2,"BC","NCTL",1,5,17.735,16.055,0,1.01651785714286,"cornet a.","andreescu b.",1524.41796709653,1500,1079
"2021-wimbledon-2116","wimbledon",2021,"0:18:28",26,"Alize Cornet","Bianca Andreescu",105,1,2,2,"C","NCTL",3,5,22.14,18.148,0,1.078125,"cornet a.","andreescu b.",1524.41796709653,1500,1108
"2021-wimbledon-2116","wimbledon",2021,"0:18:57",27,"Alize Cornet","Bianca Andreescu",102,1,2,1,"BC","CTL",2,5,19.575,16.525,1,1.04732142857143,"cornet a.","andreescu b.",1524.41796709653,1500,1137
"2021-wimbledon-2116","wimbledon",2021,"0:19:26",28,"Alize Cornet","Bianca Andreescu",98,1,2,2,"B","NCTL",7,5,34.304,41.04,0,1.00625,"cornet a.","andreescu b.",1524.41796709653,1500,1166
"2021-wimbledon-2116","wimbledon",2021,"0:20:05",29,"Alize Cornet","Bianca Andreescu",106,1,2,1,"C","NCTL",2,5,16.05,14.734,1,1.08839285714286,"cornet a.","andreescu b.",1524.41796709653,1500,1205
"2021-wimbledon-2116","wimbledon",2021,"0:20:35",30,"Alize Cornet","Bianca Andreescu",102,1,2,1,"W","CTL",6,5,36.93,34.715,1,1.04732142857143,"cornet a.","andreescu b.",1524.41796709653,1500,1235
"2021-wimbledon-2116","wimbledon",2021,"0:21:14",31,"Alize Cornet","Bianca Andreescu",92,2,2,1,"B","NCTL",2,5,21.245,18.954,0,0.944642857142857,"cornet a.","andreescu b.",1524.41796709653,1500,1274
"2021-wimbledon-2116","wimbledon",2021,"0:21:56",32,"Alize Cornet","Bianca Andreescu",100,1,2,2,"C","NCTL",3,5,26.701,24.678,0,1.02678571428571,"cornet a.","andreescu b.",1524.41796709653,1500,1316
"2021-wimbledon-2116","wimbledon",2021,"0:22:30",33,"Alize Cornet","Bianca Andreescu",91,2,2,1,"B","NCTL",6,5,35.385,30.773,0,0.934375,"cornet a.","andreescu b.",1524.41796709653,1500,1350
"2021-wimbledon-2116","wimbledon",2021,"0:25:24",35,"Alize Cornet","Bianca Andreescu",96,1,1,1,"BC","NCTL",5,6,27.045,27.765,1,1.01419610432486,"cornet a.","andreescu b.",1524.41796709653,1500,1524
"2021-wimbledon-2116","wimbledon",2021,"0:25:53",36,"Alize Cornet","Bianca Andreescu",92,1,1,2,"BC","CTL",8,6,40.767,45.738,0,0.971937933311324,"cornet a.","andreescu b.",1524.41796709653,1500,1553
"2021-wimbledon-2116","wimbledon",2021,"0:26:30",37,"Alize Cornet","Bianca Andreescu",78,2,1,2,"B","NCTL",2,6,24.377,27.944,1,0.824034334763948,"cornet a.","andreescu b.",1524.41796709653,1500,1590
"2021-wimbledon-2116","wimbledon",2021,"0:27:14",38,"Alize Cornet","Bianca Andreescu",99,1,1,1,"B","CTL",7,6,40.574,38.407,1,1.04588973258501,"cornet a.","andreescu b.",1524.41796709653,1500,1634
"2021-wimbledon-2116","wimbledon",2021,"0:27:49",39,"Alize Cornet","Bianca Andreescu",86,1,1,1,"W","CTL",1,6,17.353,18.195,1,0.90855067679102,"cornet a.","andreescu b.",1524.41796709653,1500,1669
"2021-wimbledon-2116","wimbledon",2021,"0:28:10",40,"Alize Cornet","Bianca Andreescu",97,1,1,2,"BC","NCTL",4,6,24.631,19.399,0,1.02476064707824,"cornet a.","andreescu b.",1524.41796709653,1500,1690
"2021-wimbledon-2116","wimbledon",2021,"0:28:41",41,"Alize Cornet","Bianca Andreescu",101,1,1,1,"C","CTL",1,6,12.986,13.603,1,1.06701881809178,"cornet a.","andreescu b.",1524.41796709653,1500,1721
"2021-wimbledon-2116","wimbledon",2021,"0:29:01",42,"Alize Cornet","Bianca Andreescu",81,2,1,1,"B","NCTL",1,6,15.908,15.535,0,0.8557279630241,"cornet a.","andreescu b.",1524.41796709653,1500,1741
"2021-wimbledon-2116","wimbledon",2021,"0:30:04",43,"Alize Cornet","Bianca Andreescu",91,2,2,2,"BC","NCTL",1,7,18.846,21.034,1,0.934375,"cornet a.","andreescu b.",1524.41796709653,1500,1804
"2021-wimbledon-2116","wimbledon",2021,"0:30:44",44,"Alize Cornet","Bianca Andreescu",89,2,2,1,"C","NCTL",4,7,30.25,25.852,0,0.913839285714286,"cornet a.","andreescu b.",1524.41796709653,1500,1844
"2021-wimbledon-2116","wimbledon",2021,"0:31:40",45,"Alize Cornet","Bianca Andreescu",87,1,2,2,"W","CTL",1,7,20.236,14.563,0,0.893303571428571,"cornet a.","andreescu b.",1524.41796709653,1500,1900
"2021-wimbledon-2116","wimbledon",2021,"0:32:05",46,"Alize Cornet","Bianca Andreescu",99,1,2,1,"BW","NCTL",2,7,20.103,18.091,1,1.01651785714286,"cornet a.","andreescu b.",1524.41796709653,1500,1925
"2021-wimbledon-2116","wimbledon",2021,"0:32:28",47,"Alize Cornet","Bianca Andreescu",90,2,2,1,"C","NCTL",8,7,35.635,34.523,0,0.924107142857143,"cornet a.","andreescu b.",1524.41796709653,1500,1948
"2021-wimbledon-2116","wimbledon",2021,"0:33:18",48,"Alize Cornet","Bianca Andreescu",92,2,2,2,"B","CTL",7,7,36.192,45.309,1,0.944642857142857,"cornet a.","andreescu b.",1524.41796709653,1500,1998
"2021-wimbledon-2116","wimbledon",2021,"0:34:28",49,"Alize Cornet","Bianca Andreescu",102,1,2,2,"C","NCTL",3,7,30.598,22.73,0,1.04732142857143,"cornet a.","andreescu b.",1524.41796709653,1500,2068
"2021-wimbledon-2116","wimbledon",2021,"0:35:03",50,"Alize Cornet","Bianca Andreescu",90,2,2,1,"BW","NCTL",2,7,25.949,25.772,0,0.924107142857143,"cornet a.","andreescu b.",1524.41796709653,1500,2103
"2021-wimbledon-2116","wimbledon",2021,"0:35:41",51,"Alize Cornet","Bianca Andreescu",106,1,2,1,"C","NCTL",6,7,39.172,22.853,1,1.08839285714286,"cornet a.","andreescu b.",1524.41796709653,1500,2141
"2021-wimbledon-2116","wimbledon",2021,"0:36:38",52,"Alize Cornet","Bianca Andreescu",105,1,2,2,"W","NCTL",3,7,23.015,13.361,0,1.078125,"cornet a.","andreescu b.",1524.41796709653,1500,2198
"2021-wimbledon-2116","wimbledon",2021,"0:37:11",53,"Alize Cornet","Bianca Andreescu",98,1,2,2,"BW","NCTL",11,7,47.121,46.791,0,1.00625,"cornet a.","andreescu b.",1524.41796709653,1500,2231
"2021-wimbledon-2116","wimbledon",2021,"0:38:02",54,"Alize Cornet","Bianca Andreescu",97,1,2,1,"B","NCTL",2,7,16.333,15.287,1,0.995982142857143,"cornet a.","andreescu b.",1524.41796709653,1500,2282
"2021-wimbledon-2116","wimbledon",2021,"0:38:29",55,"Alize Cornet","Bianca Andreescu",109,1,2,2,"C","NCTL",3,7,21.151,15.412,0,1.11919642857143,"cornet a.","andreescu b.",1524.41796709653,1500,2309
"2021-wimbledon-2116","wimbledon",2021,"0:38:58",56,"Alize Cornet","Bianca Andreescu",103,1,2,1,"W","CTL",2,7,28.552,15.134,1,1.05758928571429,"cornet a.","andreescu b.",1524.41796709653,1500,2338
"2021-wimbledon-2116","wimbledon",2021,"0:39:32",57,"Alize Cornet","Bianca Andreescu",95,1,2,1,"BC","NCTL",2,7,26.584,19.551,1,0.975446428571428,"cornet a.","andreescu b.",1524.41796709653,1500,2372
"2021-wimbledon-2116","wimbledon",2021,"0:40:00",58,"Alize Cornet","Bianca Andreescu",102,1,2,1,"C","NCTL",8,7,31.394,39.569,1,1.04732142857143,"cornet a.","andreescu b.",1524.41796709653,1500,2400
"2021-wimbledon-2116","wimbledon",2021,"0:41:58",59,"Alize Cornet","Bianca Andreescu",93,1,1,2,"B","CTL",24,8,90.728,88.274,0,0.982502476064708,"cornet a.","andreescu b.",1524.41796709653,1500,2518
"2021-wimbledon-2116","wimbledon",2021,"0:43:16",60,"Alize Cornet","Bianca Andreescu",74,2,1,2,"BW","NCTL",2,8,16.673,14.903,1,0.781776163750413,"cornet a.","andreescu b.",1524.41796709653,1500,2596
"2021-wimbledon-2116","wimbledon",2021,"0:44:00",61,"Alize Cornet","Bianca Andreescu",88,1,1,1,"W","CTL",3,8,24.055,23.433,1,0.929679762297788,"cornet a.","andreescu b.",1524.41796709653,1500,2640
"2021-wimbledon-2116","wimbledon",2021,"0:44:29",62,"Alize Cornet","Bianca Andreescu",101,1,1,2,"BW","NCTL",6,8,33.506,31.669,0,1.06701881809178,"cornet a.","andreescu b.",1524.41796709653,1500,2669
"2021-wimbledon-2116","wimbledon",2021,"0:45:07",63,"Alize Cornet","Bianca Andreescu",88,2,1,1,"B","CTL",3,8,23.375,21.479,0,0.929679762297788,"cornet a.","andreescu b.",1524.41796709653,1500,2707
"2021-wimbledon-2116","wimbledon",2021,"0:45:43",64,"Alize Cornet","Bianca Andreescu",77,2,1,1,"BC","NCTL",9,8,47.986,36.139,0,0.813469792010565,"cornet a.","andreescu b.",1524.41796709653,1500,2743
"2021-wimbledon-2116","wimbledon",2021,"0:46:44",65,"Alize Cornet","Bianca Andreescu",87,2,1,1,"BC","NCTL",3,8,21.159,20.943,0,0.919115219544404,"cornet a.","andreescu b.",1524.41796709653,1500,2804
"2021-wimbledon-2116","wimbledon",2021,"0:47:32",66,"Alize Cornet","Bianca Andreescu",98,1,1,2,"C","CTL",6,8,29.376,33.38,0,1.03532518983163,"cornet a.","andreescu b.",1524.41796709653,1500,2852
"2021-wimbledon-2116","wimbledon",2021,"0:48:10",67,"Alize Cornet","Bianca Andreescu",103,1,1,1,"BC","CTL",1,8,18.305,18.13,1,1.08814790359855,"cornet a.","andreescu b.",1524.41796709653,1500,2890
"2021-wimbledon-2116","wimbledon",2021,"0:48:39",68,"Alize Cornet","Bianca Andreescu",80,2,1,1,"BC","NCTL",1,8,12.928,13.144,0,0.845163420270716,"cornet a.","andreescu b.",1524.41796709653,1500,2919
"2021-wimbledon-2116","wimbledon",2021,"0:52:31",69,"Alize Cornet","Bianca Andreescu",93,1,2,1,"BC","NCTL",6,1,31.174,26.093,1,0.954910714285714,"cornet a.","andreescu b.",1524.41796709653,1500,3151
"2021-wimbledon-2116","wimbledon",2021,"0:52:59",70,"Alize Cornet","Bianca Andreescu",96,1,2,2,"BW","CTL",7,1,22.795,24.399,0,0.985714285714286,"cornet a.","andreescu b.",1524.41796709653,1500,3179
"2021-wimbledon-2116","wimbledon",2021,"0:53:36",71,"Alize Cornet","Bianca Andreescu",93,1,2,1,"B","NCTL",6,1,25.571,30.678,1,0.954910714285714,"cornet a.","andreescu b.",1524.41796709653,1500,3216
"2021-wimbledon-2116","wimbledon",2021,"0:54:10",72,"Alize Cornet","Bianca Andreescu",96,1,2,1,"B","CTL",6,1,32.877,34.037,1,0.985714285714286,"cornet a.","andreescu b.",1524.41796709653,1500,3250
"2021-wimbledon-2116","wimbledon",2021,"0:54:46",73,"Alize Cornet","Bianca Andreescu",81,2,2,2,"B","NCTL",5,1,31.426,23.129,1,0.831696428571429,"cornet a.","andreescu b.",1524.41796709653,1500,3286
"2021-wimbledon-2116","wimbledon",2021,"0:55:37",74,"Alize Cornet","Bianca Andreescu",96,1,2,2,"C","NCTL",1,1,29.014,23.269,0,0.985714285714286,"cornet a.","andreescu b.",1524.41796709653,1500,3337
"2021-wimbledon-2116","wimbledon",2021,"0:56:21",75,"Alize Cornet","Bianca Andreescu",90,1,2,2,"W","CTL",1,1,14.193,12.675,0,0.924107142857143,"cornet a.","andreescu b.",1524.41796709653,1500,3381
"2021-wimbledon-2116","wimbledon",2021,"0:56:48",76,"Alize Cornet","Bianca Andreescu",97,1,2,1,"B","NCTL",2,1,16.961,16.541,1,0.995982142857143,"cornet a.","andreescu b.",1524.41796709653,1500,3408
"2021-wimbledon-2116","wimbledon",2021,"0:57:12",77,"Alize Cornet","Bianca Andreescu",91,1,2,1,"BW","NCTL",2,1,23.61,18.963,1,0.934375,"cornet a.","andreescu b.",1524.41796709653,1500,3432
"2021-wimbledon-2116","wimbledon",2021,"0:57:42",78,"Alize Cornet","Bianca Andreescu",94,1,2,1,"BW","CTL",10,1,43.147,46.983,1,0.965178571428571,"cornet a.","andreescu b.",1524.41796709653,1500,3462
"2021-wimbledon-2116","wimbledon",2021,"0:59:07",79,"Alize Cornet","Bianca Andreescu",81,1,1,1,"W","NCTL",9,2,46.262,45.764,1,0.8557279630241,"cornet a.","andreescu b.",1524.41796709653,1500,3547
"2021-wimbledon-2116","wimbledon",2021,"0:59:43",80,"Alize Cornet","Bianca Andreescu",93,1,1,2,"C","NCTL",2,2,17.464,17.818,0,0.982502476064708,"cornet a.","andreescu b.",1524.41796709653,1500,3583
"2021-wimbledon-2116","wimbledon",2021,"1:00:08",81,"Alize Cornet","Bianca Andreescu",94,1,1,2,"BW","NCTL",4,2,28.33,26.373,0,0.993067018818092,"cornet a.","andreescu b.",1524.41796709653,1500,3608
"2021-wimbledon-2116","wimbledon",2021,"1:00:38",82,"Alize Cornet","Bianca Andreescu",99,1,1,1,"BW","NCTL",7,2,32.226,33.957,1,1.04588973258501,"cornet a.","andreescu b.",1524.41796709653,1500,3638
"2021-wimbledon-2116","wimbledon",2021,"1:01:11",83,"Alize Cornet","Bianca Andreescu",105,1,1,2,"BC","NCTL",10,2,45.627,31.795,0,1.10927698910532,"cornet a.","andreescu b.",1524.41796709653,1500,3671
"2021-wimbledon-2116","wimbledon",2021,"1:01:55",84,"Alize Cornet","Bianca Andreescu",81,2,1,1,"BC","CTL",3,2,24.193,19.33,0,0.8557279630241,"cornet a.","andreescu b.",1524.41796709653,1500,3715
"2021-wimbledon-2116","wimbledon",2021,"1:02:38",85,"Alize Cornet","Bianca Andreescu",88,1,1,1,"W","CTL",1,2,13.359,16.871,1,0.929679762297788,"cornet a.","andreescu b.",1524.41796709653,1500,3758
"2021-wimbledon-2116","wimbledon",2021,"1:03:00",86,"Alize Cornet","Bianca Andreescu",97,1,1,1,"B","NCTL",1,2,17.844,16.236,1,1.02476064707824,"cornet a.","andreescu b.",1524.41796709653,1500,3780
"2021-wimbledon-2116","wimbledon",2021,"1:03:36",87,"Alize Cornet","Bianca Andreescu",93,1,2,1,"BW","NCTL",2,3,18.393,15.811,1,0.954910714285714,"cornet a.","andreescu b.",1524.41796709653,1500,3816
"2021-wimbledon-2116","wimbledon",2021,"1:04:03",88,"Alize Cornet","Bianca Andreescu",98,1,2,1,"BW","NCTL",4,3,18.811,27.313,1,1.00625,"cornet a.","andreescu b.",1524.41796709653,1500,3843
"2021-wimbledon-2116","wimbledon",2021,"1:04:34",89,"Alize Cornet","Bianca Andreescu",92,1,2,1,"BW","NCTL",4,3,22.302,26.09,1,0.944642857142857,"cornet a.","andreescu b.",1524.41796709653,1500,3874
"2021-wimbledon-2116","wimbledon",2021,"1:05:20",90,"Alize Cornet","Bianca Andreescu",90,2,2,1,"BC","NCTL",8,3,29.944,36.619,0,0.924107142857143,"cornet a.","andreescu b.",1524.41796709653,1500,3920
"2021-wimbledon-2116","wimbledon",2021,"1:07:29",91,"Alize Cornet","Bianca Andreescu",75,2,1,1,"B","NCTL",1,4,17.941,14.207,0,0.792340706503797,"cornet a.","andreescu b.",1524.41796709653,1500,4049
"2021-wimbledon-2116","wimbledon",2021,"1:08:03",92,"Alize Cornet","Bianca Andreescu",95,1,1,1,"C","CTL",3,4,16.831,21.69,1,1.00363156157148,"cornet a.","andreescu b.",1524.41796709653,1500,4083
"2021-wimbledon-2116","wimbledon",2021,"1:08:26",93,"Alize Cornet","Bianca Andreescu",96,1,1,1,"BW","NCTL",5,4,28.03,28.125,1,1.01419610432486,"cornet a.","andreescu b.",1524.41796709653,1500,4106
"2021-wimbledon-2116","wimbledon",2021,"1:08:52",94,"Alize Cornet","Bianca Andreescu",101,1,1,1,"BW","CTL",1,4,12.207,13.877,1,1.06701881809178,"cornet a.","andreescu b.",1524.41796709653,1500,4132
"2021-wimbledon-2116","wimbledon",2021,"1:09:24",95,"Alize Cornet","Bianca Andreescu",94,1,2,1,"BW","CTL",10,5,37.796,44.484,1,0.965178571428571,"cornet a.","andreescu b.",1524.41796709653,1500,4164
"2021-wimbledon-2116","wimbledon",2021,"1:10:06",96,"Alize Cornet","Bianca Andreescu",100,1,2,2,"BC","NCTL",5,5,30.815,26.716,0,1.02678571428571,"cornet a.","andreescu b.",1524.41796709653,1500,4206
"2021-wimbledon-2116","wimbledon",2021,"1:10:35",97,"Alize Cornet","Bianca Andreescu",94,1,2,2,"BW","CTL",1,5,18.165,19.56,0,0.965178571428571,"cornet a.","andreescu b.",1524.41796709653,1500,4235
"2021-wimbledon-2116","wimbledon",2021,"1:11:01",98,"Alize Cornet","Bianca Andreescu",105,1,2,2,"W","CTL",1,5,8.278,18.329,0,1.078125,"cornet a.","andreescu b.",1524.41796709653,1500,4261
"2021-wimbledon-2116","wimbledon",2021,"1:11:24",99,"Alize Cornet","Bianca Andreescu",79,1,2,2,"BW","NCTL",1,5,15.668,13.191,0,0.811160714285714,"cornet a.","andreescu b.",1524.41796709653,1500,4284
"2021-wimbledon-2116","wimbledon",2021,"1:13:06",100,"Alize Cornet","Bianca Andreescu",99,1,1,2,"BC","CTL",4,6,21.409,24.706,0,1.04588973258501,"cornet a.","andreescu b.",1524.41796709653,1500,4386
"2021-wimbledon-2116","wimbledon",2021,"1:13:31",101,"Alize Cornet","Bianca Andreescu",76,2,1,2,"B","NCTL",4,6,29.237,30.413,1,0.802905249257181,"cornet a.","andreescu b.",1524.41796709653,1500,4411
"2021-wimbledon-2116","wimbledon",2021,"1:14:26",102,"Alize Cornet","Bianca Andreescu",91,1,1,2,"W","CTL",8,6,37.266,40.665,0,0.96137339055794,"cornet a.","andreescu b.",1524.41796709653,1500,4466
"2021-wimbledon-2116","wimbledon",2021,"1:15:01",103,"Alize Cornet","Bianca Andreescu",79,2,1,1,"BC","NCTL",1,6,12.639,12.937,0,0.834598877517332,"cornet a.","andreescu b.",1524.41796709653,1500,4501
"2021-wimbledon-2116","wimbledon",2021,"1:15:54",104,"Alize Cornet","Bianca Andreescu",75,2,1,1,"B","NCTL",5,6,31.276,32.562,0,0.792340706503797,"cornet a.","andreescu b.",1524.41796709653,1500,4554
"2021-wimbledon-2116","wimbledon",2021,"1:16:38",105,"Alize Cornet","Bianca Andreescu",80,2,1,1,"C","NCTL",1,6,18.452,16.44,0,0.845163420270716,"cornet a.","andreescu b.",1524.41796709653,1500,4598
"2021-wimbledon-2116","wimbledon",2021,"1:17:12",106,"Alize Cornet","Bianca Andreescu",89,1,1,1,"W","CTL",1,6,12.425,14.119,1,0.940244305051172,"cornet a.","andreescu b.",1524.41796709653,1500,4632
"2021-wimbledon-2116","wimbledon",2021,"1:17:47",107,"Alize Cornet","Bianca Andreescu",91,1,1,1,"C","NCTL",9,6,40.868,30.582,1,0.96137339055794,"cornet a.","andreescu b.",1524.41796709653,1500,4667
"2021-wimbledon-2116","wimbledon",2021,"1:18:45",108,"Alize Cornet","Bianca Andreescu",85,1,2,2,"BW","NCTL",3,7,27.659,17.718,0,0.872767857142857,"cornet a.","andreescu b.",1524.41796709653,1500,4725
"2021-wimbledon-2116","wimbledon",2021,"1:19:19",109,"Alize Cornet","Bianca Andreescu",99,1,2,2,"B","NCTL",5,7,22.228,19.492,0,1.01651785714286,"cornet a.","andreescu b.",1524.41796709653,1500,4759
"2021-wimbledon-2116","wimbledon",2021,"1:20:31",111,"Alize Cornet","Bianca Andreescu",76,2,2,1,"W","CTL",6,7,31.528,26.904,0,0.780357142857143,"cornet a.","andreescu b.",1524.41796709653,1500,4831
"2021-wimbledon-2116","wimbledon",2021,"1:21:21",112,"Alize Cornet","Bianca Andreescu",83,1,2,1,"W","CTL",2,7,27.317,15.025,1,0.852232142857143,"cornet a.","andreescu b.",1524.41796709653,1500,4881
"2021-wimbledon-2116","wimbledon",2021,"1:21:58",113,"Alize Cornet","Bianca Andreescu",81,2,2,1,"BW","NCTL",8,7,46.576,41.76,0,0.831696428571429,"cornet a.","andreescu b.",1524.41796709653,1500,4918
"2021-wimbledon-2117","wimbledon",2021,"0:00:00",1,"Elina Svitolina","Alison Van Uytvanck",78,2,1,2,"B","NCTL",4,1,24.681,25.334,1,0.757982415548357,"svitolina e.","van uytvanck a.",1516.43517016113,1500,0
"2021-wimbledon-2117","wimbledon",2021,"0:00:31",2,"Elina Svitolina","Alison Van Uytvanck",103,1,1,2,"C","NCTL",4,1,27.257,26.969,0,1.00092549745488,"svitolina e.","van uytvanck a.",1516.43517016113,1500,31
"2021-wimbledon-2117","wimbledon",2021,"0:00:57",3,"Elina Svitolina","Alison Van Uytvanck",77,2,1,2,"BW","NCTL",4,1,23.226,23,1,0.748264692272096,"svitolina e.","van uytvanck a.",1516.43517016113,1500,57
"2021-wimbledon-2117","wimbledon",2021,"0:01:30",4,"Elina Svitolina","Alison Van Uytvanck",83,2,1,2,"C","NCTL",4,1,28.499,20.708,1,0.806571031929662,"svitolina e.","van uytvanck a.",1516.43517016113,1500,90
"2021-wimbledon-2117","wimbledon",2021,"0:02:32",5,"Elina Svitolina","Alison Van Uytvanck",101,1,2,2,"W","CTL",3,2,27.063,20.017,0,0.965952563121653,"svitolina e.","van uytvanck a.",1516.43517016113,1500,152
"2021-wimbledon-2117","wimbledon",2021,"0:02:51",6,"Elina Svitolina","Alison Van Uytvanck",78,2,2,2,"BW","NCTL",9,2,49.91,45.392,1,0.745983167559296,"svitolina e.","van uytvanck a.",1516.43517016113,1500,171
"2021-wimbledon-2117","wimbledon",2021,"0:03:33",7,"Elina Svitolina","Alison Van Uytvanck",86,2,2,1,"BC","NCTL",6,2,29.809,27.361,0,0.822494261667942,"svitolina e.","van uytvanck a.",1516.43517016113,1500,213
"2021-wimbledon-2117","wimbledon",2021,"0:04:16",8,"Elina Svitolina","Alison Van Uytvanck",111,1,2,1,"BW","NCTL",4,2,26.952,21.655,1,1.06159143075746,"svitolina e.","van uytvanck a.",1516.43517016113,1500,256
"2021-wimbledon-2117","wimbledon",2021,"0:04:45",9,"Elina Svitolina","Alison Van Uytvanck",98,1,2,1,"W","CTL",4,2,35.394,21.967,1,0.93726090283091,"svitolina e.","van uytvanck a.",1516.43517016113,1500,285
"2021-wimbledon-2117","wimbledon",2021,"0:05:13",10,"Elina Svitolina","Alison Van Uytvanck",104,1,2,1,"BC","CTL",4,2,28.663,25.15,1,0.994644223412395,"svitolina e.","van uytvanck a.",1516.43517016113,1500,313
"2021-wimbledon-2117","wimbledon",2021,"0:05:49",11,"Elina Svitolina","Alison Van Uytvanck",101,1,1,1,"BW","CTL",1,3,19.561,19.57,1,0.98149005090236,"svitolina e.","van uytvanck a.",1516.43517016113,1500,349
"2021-wimbledon-2117","wimbledon",2021,"0:06:06",12,"Elina Svitolina","Alison Van Uytvanck",85,2,1,2,"B","CTL",2,3,16.164,14.82,1,0.826006478482184,"svitolina e.","van uytvanck a.",1516.43517016113,1500,366
"2021-wimbledon-2117","wimbledon",2021,"0:06:47",13,"Elina Svitolina","Alison Van Uytvanck",109,1,1,1,"C","NCTL",1,3,11.784,13.462,1,1.05923183711245,"svitolina e.","van uytvanck a.",1516.43517016113,1500,407
"2021-wimbledon-2117","wimbledon",2021,"0:07:05",14,"Elina Svitolina","Alison Van Uytvanck",100,1,1,1,"C","NCTL",3,3,17.363,23.641,1,0.971772327626099,"svitolina e.","van uytvanck a.",1516.43517016113,1500,425
"2021-wimbledon-2117","wimbledon",2021,"0:07:30",15,"Elina Svitolina","Alison Van Uytvanck",108,1,1,2,"C","CTL",2,3,16.327,17.306,0,1.04951411383619,"svitolina e.","van uytvanck a.",1516.43517016113,1500,450
"2021-wimbledon-2117","wimbledon",2021,"0:07:51",16,"Elina Svitolina","Alison Van Uytvanck",100,1,1,1,"C","CTL",3,3,16.619,22.319,1,0.971772327626099,"svitolina e.","van uytvanck a.",1516.43517016113,1500,471
"2021-wimbledon-2117","wimbledon",2021,"0:09:32",17,"Elina Svitolina","Alison Van Uytvanck",85,2,2,1,"BC","NCTL",4,4,34.427,29.559,0,0.812930374904361,"svitolina e.","van uytvanck a.",1516.43517016113,1500,572
"2021-wimbledon-2117","wimbledon",2021,"0:10:05",18,"Elina Svitolina","Alison Van Uytvanck",78,2,2,2,"BW","NCTL",7,4,27.611,25.788,1,0.745983167559296,"svitolina e.","van uytvanck a.",1516.43517016113,1500,605
"2021-wimbledon-2117","wimbledon",2021,"0:10:44",19,"Elina Svitolina","Alison Van Uytvanck",102,1,2,1,"B","NCTL",10,4,42.74,43.43,1,0.975516449885233,"svitolina e.","van uytvanck a.",1516.43517016113,1500,644
"2021-wimbledon-2117","wimbledon",2021,"0:11:19",20,"Elina Svitolina","Alison Van Uytvanck",107,1,2,2,"C","NCTL",3,4,23.332,17.203,0,1.02333588370314,"svitolina e.","van uytvanck a.",1516.43517016113,1500,679
"2021-wimbledon-2117","wimbledon",2021,"0:11:42",21,"Elina Svitolina","Alison Van Uytvanck",93,1,2,2,"BW","NCTL",7,4,37.029,39.663,0,0.889441469013007,"svitolina e.","van uytvanck a.",1516.43517016113,1500,702
"2021-wimbledon-2117","wimbledon",2021,"0:12:12",22,"Elina Svitolina","Alison Van Uytvanck",105,1,2,2,"BW","NCTL",5,4,34.338,31.663,0,1.00420811017598,"svitolina e.","van uytvanck a.",1516.43517016113,1500,732
"2021-wimbledon-2117","wimbledon",2021,"0:13:06",23,"Elina Svitolina","Alison Van Uytvanck",107,1,1,1,"C","NCTL",1,5,11.829,13.177,1,1.03979639055993,"svitolina e.","van uytvanck a.",1516.43517016113,1500,786
"2021-wimbledon-2117","wimbledon",2021,"0:13:33",24,"Elina Svitolina","Alison Van Uytvanck",85,2,1,1,"BW","NCTL",3,5,10.449,13.113,0,0.826006478482184,"svitolina e.","van uytvanck a.",1516.43517016113,1500,813
"2021-wimbledon-2117","wimbledon",2021,"0:14:06",25,"Elina Svitolina","Alison Van Uytvanck",103,1,1,1,"BW","CTL",1,5,16.329,15.463,1,1.00092549745488,"svitolina e.","van uytvanck a.",1516.43517016113,1500,846
"2021-wimbledon-2117","wimbledon",2021,"0:14:20",26,"Elina Svitolina","Alison Van Uytvanck",84,2,1,1,"BW","NCTL",3,5,17.524,19.384,0,0.816288755205923,"svitolina e.","van uytvanck a.",1516.43517016113,1500,860
"2021-wimbledon-2117","wimbledon",2021,"0:16:04",27,"Elina Svitolina","Alison Van Uytvanck",86,2,2,2,"BC","CTL",13,6,57.229,53.586,1,0.822494261667942,"svitolina e.","van uytvanck a.",1516.43517016113,1500,964
"2021-wimbledon-2117","wimbledon",2021,"0:16:54",28,"Elina Svitolina","Alison Van Uytvanck",105,1,2,1,"BC","NCTL",6,6,32.541,36.326,1,1.00420811017598,"svitolina e.","van uytvanck a.",1516.43517016113,1500,1014
"2021-wimbledon-2117","wimbledon",2021,"0:18:05",30,"Elina Svitolina","Alison Van Uytvanck",82,2,2,2,"BW","NCTL",1,6,13.389,13.031,1,0.784238714613619,"svitolina e.","van uytvanck a.",1516.43517016113,1500,1085
"2021-wimbledon-2117","wimbledon",2021,"0:18:36",31,"Elina Svitolina","Alison Van Uytvanck",86,2,2,1,"C","NCTL",2,6,21.025,16.909,0,0.822494261667942,"svitolina e.","van uytvanck a.",1516.43517016113,1500,1116
"2021-wimbledon-2117","wimbledon",2021,"0:19:06",32,"Elina Svitolina","Alison Van Uytvanck",108,1,2,2,"W","CTL",1,6,19.799,15.559,0,1.03289977046672,"svitolina e.","van uytvanck a.",1516.43517016113,1500,1146
"2021-wimbledon-2117","wimbledon",2021,"0:19:23",33,"Elina Svitolina","Alison Van Uytvanck",85,2,2,2,"C","NCTL",5,6,35.815,28.45,1,0.812930374904361,"svitolina e.","van uytvanck a.",1516.43517016113,1500,1163
"2021-wimbledon-2117","wimbledon",2021,"0:20:00",34,"Elina Svitolina","Alison Van Uytvanck",82,2,2,1,"W","CTL",6,6,35.616,22.693,0,0.784238714613619,"svitolina e.","van uytvanck a.",1516.43517016113,1500,1200
"2021-wimbledon-2117","wimbledon",2021,"0:20:41",35,"Elina Svitolina","Alison Van Uytvanck",107,1,2,2,"C","NCTL",5,6,28.788,18.975,0,1.02333588370314,"svitolina e.","van uytvanck a.",1516.43517016113,1500,1241
"2021-wimbledon-2117","wimbledon",2021,"0:21:07",36,"Elina Svitolina","Alison Van Uytvanck",81,2,2,1,"W","CTL",8,6,35.365,35.722,0,0.774674827850038,"svitolina e.","van uytvanck a.",1516.43517016113,1500,1267
"2021-wimbledon-2117","wimbledon",2021,"0:21:55",37,"Elina Svitolina","Alison Van Uytvanck",93,1,2,1,"BW","NCTL",4,6,25.921,21.545,1,0.889441469013007,"svitolina e.","van uytvanck a.",1516.43517016113,1500,1315
"2021-wimbledon-2117","wimbledon",2021,"0:22:21",38,"Elina Svitolina","Alison Van Uytvanck",110,1,2,2,"C","NCTL",1,6,17.954,13.22,0,1.05202754399388,"svitolina e.","van uytvanck a.",1516.43517016113,1500,1341
"2021-wimbledon-2117","wimbledon",2021,"0:22:42",39,"Elina Svitolina","Alison Van Uytvanck",101,1,2,1,"BC","NCTL",4,6,31.17,22.944,1,0.965952563121653,"svitolina e.","van uytvanck a.",1516.43517016113,1500,1362
"2021-wimbledon-2117","wimbledon",2021,"0:23:06",40,"Elina Svitolina","Alison Van Uytvanck",73,2,2,2,"BW","NCTL",3,6,24.956,36.509,1,0.698163733741393,"svitolina e.","van uytvanck a.",1516.43517016113,1500,1386
"2021-wimbledon-2117","wimbledon",2021,"0:23:43",41,"Elina Svitolina","Alison Van Uytvanck",84,2,2,1,"C","NCTL",12,6,51.21,47.48,0,0.80336648814078,"svitolina e.","van uytvanck a.",1516.43517016113,1500,1423
"2021-wimbledon-2117","wimbledon",2021,"0:24:34",42,"Elina Svitolina","Alison Van Uytvanck",80,2,2,1,"BW","NCTL",2,6,21.203,21.105,0,0.765110941086457,"svitolina e.","van uytvanck a.",1516.43517016113,1500,1474
"2021-wimbledon-2117","wimbledon",2021,"0:25:19",43,"Elina Svitolina","Alison Van Uytvanck",108,1,1,1,"BC","CTL",3,7,30.933,27.418,1,1.04951411383619,"svitolina e.","van uytvanck a.",1516.43517016113,1500,1519
"2021-wimbledon-2117","wimbledon",2021,"0:25:41",44,"Elina Svitolina","Alison Van Uytvanck",84,2,1,2,"B","NCTL",4,7,30.202,29.526,1,0.816288755205923,"svitolina e.","van uytvanck a.",1516.43517016113,1500,1541
"2021-wimbledon-2117","wimbledon",2021,"0:26:26",45,"Elina Svitolina","Alison Van Uytvanck",83,2,1,1,"B","NCTL",3,7,27.651,20.526,0,0.806571031929662,"svitolina e.","van uytvanck a.",1516.43517016113,1500,1586
"2021-wimbledon-2117","wimbledon",2021,"0:26:59",46,"Elina Svitolina","Alison Van Uytvanck",105,1,1,1,"W","CTL",1,7,12.455,13.331,1,1.0203609440074,"svitolina e.","van uytvanck a.",1516.43517016113,1500,1619
"2021-wimbledon-2117","wimbledon",2021,"0:27:59",48,"Elina Svitolina","Alison Van Uytvanck",84,2,1,2,"BW","NCTL",6,7,37.33,27.066,1,0.816288755205923,"svitolina e.","van uytvanck a.",1516.43517016113,1500,1679
"2021-wimbledon-2117","wimbledon",2021,"0:28:45",49,"Elina Svitolina","Alison Van Uytvanck",87,2,1,2,"B","NCTL",12,7,49.352,57.908,1,0.845441925034706,"svitolina e.","van uytvanck a.",1516.43517016113,1500,1725
"2021-wimbledon-2117","wimbledon",2021,"0:29:38",50,"Elina Svitolina","Alison Van Uytvanck",105,1,1,1,"W","CTL",3,7,15.64,25.485,1,1.0203609440074,"svitolina e.","van uytvanck a.",1516.43517016113,1500,1778
"2021-wimbledon-2117","wimbledon",2021,"0:30:20",51,"Elina Svitolina","Alison Van Uytvanck",109,1,1,1,"BC","CTL",3,7,21.017,20.762,1,1.05923183711245,"svitolina e.","van uytvanck a.",1516.43517016113,1500,1820
"2021-wimbledon-2117","wimbledon",2021,"0:30:44",52,"Elina Svitolina","Alison Van Uytvanck",103,1,1,1,"B","NCTL",1,7,19.1,17.826,1,1.00092549745488,"svitolina e.","van uytvanck a.",1516.43517016113,1500,1844
"2021-wimbledon-2117","wimbledon",2021,"0:32:16",53,"Elina Svitolina","Alison Van Uytvanck",93,1,2,2,"BW","NCTL",1,8,13.666,12.386,0,0.889441469013007,"svitolina e.","van uytvanck a.",1516.43517016113,1500,1936
"2021-wimbledon-2117","wimbledon",2021,"0:32:31",54,"Elina Svitolina","Alison Van Uytvanck",109,1,2,2,"C","NCTL",9,8,45.607,39.501,0,1.0424636572303,"svitolina e.","van uytvanck a.",1516.43517016113,1500,1951
"2021-wimbledon-2117","wimbledon",2021,"0:32:59",55,"Elina Svitolina","Alison Van Uytvanck",91,2,2,2,"B","CTL",1,8,13.614,13.184,1,0.870313695485845,"svitolina e.","van uytvanck a.",1516.43517016113,1500,1979
"2021-wimbledon-2117","wimbledon",2021,"0:33:26",56,"Elina Svitolina","Alison Van Uytvanck",110,1,2,2,"BW","NCTL",5,8,26.273,26.051,0,1.05202754399388,"svitolina e.","van uytvanck a.",1516.43517016113,1500,2006
"2021-wimbledon-2117","wimbledon",2021,"0:34:01",57,"Elina Svitolina","Alison Van Uytvanck",83,2,1,1,"B","NCTL",9,9,36.81,41.984,0,0.806571031929662,"svitolina e.","van uytvanck a.",1516.43517016113,1500,2041
"2021-wimbledon-2117","wimbledon",2021,"0:34:46",58,"Elina Svitolina","Alison Van Uytvanck",102,1,1,1,"BW","NCTL",3,9,25.487,25.546,1,0.991207774178621,"svitolina e.","van uytvanck a.",1516.43517016113,1500,2086
"2021-wimbledon-2117","wimbledon",2021,"0:35:06",59,"Elina Svitolina","Alison Van Uytvanck",79,2,1,1,"BC","NCTL",3,9,17.244,19.672,0,0.767700138824618,"svitolina e.","van uytvanck a.",1516.43517016113,1500,2106
"2021-wimbledon-2117","wimbledon",2021,"0:35:40",60,"Elina Svitolina","Alison Van Uytvanck",99,1,1,2,"W","NCTL",2,9,12.265,13.17,0,0.962054604349838,"svitolina e.","van uytvanck a.",1516.43517016113,1500,2140
"2021-wimbledon-2117","wimbledon",2021,"0:35:59",61,"Elina Svitolina","Alison Van Uytvanck",108,1,1,1,"C","NCTL",1,9,11.61,12.878,1,1.04951411383619,"svitolina e.","van uytvanck a.",1516.43517016113,1500,2159
"2021-wimbledon-2117","wimbledon",2021,"0:38:07",62,"Elina Svitolina","Alison Van Uytvanck",105,1,2,2,"C","CTL",1,1,14.567,12.876,0,1.00420811017598,"svitolina e.","van uytvanck a.",1516.43517016113,1500,2287
"2021-wimbledon-2117","wimbledon",2021,"0:38:46",63,"Elina Svitolina","Alison Van Uytvanck",107,1,2,2,"BW","NCTL",3,1,22.196,18.122,0,1.02333588370314,"svitolina e.","van uytvanck a.",1516.43517016113,1500,2326
"2021-wimbledon-2117","wimbledon",2021,"0:39:05",64,"Elina Svitolina","Alison Van Uytvanck",108,1,2,1,"BC","CTL",2,1,31.609,22.936,1,1.03289977046672,"svitolina e.","van uytvanck a.",1516.43517016113,1500,2345
"2021-wimbledon-2117","wimbledon",2021,"0:40:01",66,"Elina Svitolina","Alison Van Uytvanck",106,1,2,2,"B","NCTL",3,1,28.323,23.463,0,1.01377199693956,"svitolina e.","van uytvanck a.",1516.43517016113,1500,2401
"2021-wimbledon-2117","wimbledon",2021,"0:40:24",67,"Elina Svitolina","Alison Van Uytvanck",102,1,2,1,"C","NCTL",6,1,32.883,20.131,1,0.975516449885233,"svitolina e.","van uytvanck a.",1516.43517016113,1500,2424
"2021-wimbledon-2117","wimbledon",2021,"0:40:54",68,"Elina Svitolina","Alison Van Uytvanck",97,1,2,2,"BW","NCTL",5,1,21.404,25.332,0,0.92769701606733,"svitolina e.","van uytvanck a.",1516.43517016113,1500,2454
"2021-wimbledon-2117","wimbledon",2021,"0:41:19",69,"Elina Svitolina","Alison Van Uytvanck",77,2,2,2,"BW","NCTL",3,1,21.435,24.087,1,0.736419280795715,"svitolina e.","van uytvanck a.",1516.43517016113,1500,2479
"2021-wimbledon-2117","wimbledon",2021,"0:42:19",70,"Elina Svitolina","Alison Van Uytvanck",92,1,1,1,"W","CTL",1,2,13.152,14.991,1,0.894030541416011,"svitolina e.","van uytvanck a.",1516.43517016113,1500,2539
"2021-wimbledon-2117","wimbledon",2021,"0:42:35",71,"Elina Svitolina","Alison Van Uytvanck",84,2,1,1,"B","NCTL",1,2,12.079,12.318,0,0.816288755205923,"svitolina e.","van uytvanck a.",1516.43517016113,1500,2555
"2021-wimbledon-2117","wimbledon",2021,"0:43:01",72,"Elina Svitolina","Alison Van Uytvanck",97,1,1,1,"BW","NCTL",1,2,15.653,18.379,1,0.942619157797316,"svitolina e.","van uytvanck a.",1516.43517016113,1500,2581
"2021-wimbledon-2117","wimbledon",2021,"0:43:15",73,"Elina Svitolina","Alison Van Uytvanck",99,1,1,1,"W","CTL",3,2,14.253,22.053,1,0.962054604349838,"svitolina e.","van uytvanck a.",1516.43517016113,1500,2595
"2021-wimbledon-2117","wimbledon",2021,"0:43:49",74,"Elina Svitolina","Alison Van Uytvanck",105,1,2,1,"C","NCTL",4,3,32.454,25.234,1,1.00420811017598,"svitolina e.","van uytvanck a.",1516.43517016113,1500,2629
"2021-wimbledon-2117","wimbledon",2021,"0:44:17",75,"Elina Svitolina","Alison Van Uytvanck",105,1,2,2,"W","CTL",1,3,15.638,12.961,0,1.00420811017598,"svitolina e.","van uytvanck a.",1516.43517016113,1500,2657
"2021-wimbledon-2117","wimbledon",2021,"0:44:34",76,"Elina Svitolina","Alison Van Uytvanck",86,2,2,1,"BC","NCTL",2,3,16.795,22.809,0,0.822494261667942,"svitolina e.","van uytvanck a.",1516.43517016113,1500,2674
"2021-wimbledon-2117","wimbledon",2021,"0:45:08",77,"Elina Svitolina","Alison Van Uytvanck",106,1,2,1,"","",6,3,0,44.175,1,1.01377199693956,"svitolina e.","van uytvanck a.",1516.43517016113,1500,2708
"2021-wimbledon-2117","wimbledon",2021,"0:45:43",78,"Elina Svitolina","Alison Van Uytvanck",98,1,2,2,"BW","NCTL",3,3,18.705,15.44,0,0.93726090283091,"svitolina e.","van uytvanck a.",1516.43517016113,1500,2743
"2021-wimbledon-2117","wimbledon",2021,"0:46:04",79,"Elina Svitolina","Alison Van Uytvanck",108,1,2,2,"BW","NCTL",9,3,40.312,36.216,0,1.03289977046672,"svitolina e.","van uytvanck a.",1516.43517016113,1500,2764
"2021-wimbledon-2117","wimbledon",2021,"0:46:35",80,"Elina Svitolina","Alison Van Uytvanck",111,1,2,2,"BC","NCTL",5,3,30.431,27.047,0,1.06159143075746,"svitolina e.","van uytvanck a.",1516.43517016113,1500,2795
"2021-wimbledon-2117","wimbledon",2021,"0:47:01",81,"Elina Svitolina","Alison Van Uytvanck",80,2,2,2,"BW","NCTL",11,3,50.285,51.03,1,0.765110941086457,"svitolina e.","van uytvanck a.",1516.43517016113,1500,2821
"2021-wimbledon-2117","wimbledon",2021,"0:49:02",82,"Elina Svitolina","Alison Van Uytvanck",100,1,1,2,"B","NCTL",2,4,19.419,19.847,0,0.971772327626099,"svitolina e.","van uytvanck a.",1516.43517016113,1500,2942
"2021-wimbledon-2117","wimbledon",2021,"0:49:33",83,"Elina Svitolina","Alison Van Uytvanck",104,1,1,2,"BW","NCTL",12,4,56.729,53.172,0,1.01064322073114,"svitolina e.","van uytvanck a.",1516.43517016113,1500,2973
"2021-wimbledon-2117","wimbledon",2021,"0:50:13",84,"Elina Svitolina","Alison Van Uytvanck",83,2,1,2,"BW","NCTL",4,4,26.969,17.776,1,0.806571031929662,"svitolina e.","van uytvanck a.",1516.43517016113,1500,3013
"2021-wimbledon-2117","wimbledon",2021,"0:50:49",85,"Elina Svitolina","Alison Van Uytvanck",88,2,1,1,"BW","NCTL",3,4,20.713,22.21,0,0.855159648310967,"svitolina e.","van uytvanck a.",1516.43517016113,1500,3049
"2021-wimbledon-2117","wimbledon",2021,"0:51:19",86,"Elina Svitolina","Alison Van Uytvanck",83,2,1,2,"BC","NCTL",6,4,26.721,21.645,1,0.806571031929662,"svitolina e.","van uytvanck a.",1516.43517016113,1500,3079
"2021-wimbledon-2117","wimbledon",2021,"0:52:13",87,"Elina Svitolina","Alison Van Uytvanck",75,2,2,1,"BC","NCTL",6,5,30.522,25.205,0,0.717291507268554,"svitolina e.","van uytvanck a.",1516.43517016113,1500,3133
"2021-wimbledon-2117","wimbledon",2021,"0:52:51",88,"Elina Svitolina","Alison Van Uytvanck",84,2,2,2,"BW","CTL",1,5,12.794,12.39,1,0.80336648814078,"svitolina e.","van uytvanck a.",1516.43517016113,1500,3171
"2021-wimbledon-2117","wimbledon",2021,"0:53:20",89,"Elina Svitolina","Alison Van Uytvanck",105,1,2,2,"BC","NCTL",5,5,43.747,23.147,0,1.00420811017598,"svitolina e.","van uytvanck a.",1516.43517016113,1500,3200
"2021-wimbledon-2117","wimbledon",2021,"0:53:50",90,"Elina Svitolina","Alison Van Uytvanck",106,1,2,2,"C","CTL",3,5,29.039,24.035,0,1.01377199693956,"svitolina e.","van uytvanck a.",1516.43517016113,1500,3230
"2021-wimbledon-2117","wimbledon",2021,"0:54:43",92,"Elina Svitolina","Alison Van Uytvanck",108,1,2,2,"W","CTL",1,5,20.788,15.869,0,1.03289977046672,"svitolina e.","van uytvanck a.",1516.43517016113,1500,3283
"2021-wimbledon-2117","wimbledon",2021,"0:56:12",93,"Elina Svitolina","Alison Van Uytvanck",82,2,1,1,"B","NCTL",3,6,22.196,26.848,0,0.796853308653401,"svitolina e.","van uytvanck a.",1516.43517016113,1500,3372
"2021-wimbledon-2117","wimbledon",2021,"0:56:44",94,"Elina Svitolina","Alison Van Uytvanck",85,2,1,1,"BC","NCTL",7,6,24.756,33.678,0,0.826006478482184,"svitolina e.","van uytvanck a.",1516.43517016113,1500,3404
"2021-wimbledon-2117","wimbledon",2021,"0:57:26",95,"Elina Svitolina","Alison Van Uytvanck",84,2,1,1,"C","NCTL",7,6,30.001,47.698,0,0.816288755205923,"svitolina e.","van uytvanck a.",1516.43517016113,1500,3446
"2021-wimbledon-2117","wimbledon",2021,"0:58:07",96,"Elina Svitolina","Alison Van Uytvanck",96,1,1,2,"BW","NCTL",4,6,21.154,24.271,0,0.932901434521055,"svitolina e.","van uytvanck a.",1516.43517016113,1500,3487
"2021-wimbledon-2117","wimbledon",2021,"0:58:30",97,"Elina Svitolina","Alison Van Uytvanck",98,1,1,1,"W","CTL",1,6,15.6,15.66,1,0.952336881073577,"svitolina e.","van uytvanck a.",1516.43517016113,1500,3510
"2021-wimbledon-2117","wimbledon",2021,"0:59:02",98,"Elina Svitolina","Alison Van Uytvanck",105,1,2,2,"C","NCTL",3,7,22.467,19.126,0,1.00420811017598,"svitolina e.","van uytvanck a.",1516.43517016113,1500,3542
"2021-wimbledon-2117","wimbledon",2021,"0:59:23",99,"Elina Svitolina","Alison Van Uytvanck",81,2,2,1,"BW","NCTL",8,7,34.345,40.265,0,0.774674827850038,"svitolina e.","van uytvanck a.",1516.43517016113,1500,3563
"2021-wimbledon-2117","wimbledon",2021,"1:00:07",100,"Elina Svitolina","Alison Van Uytvanck",107,1,2,2,"BW","NCTL",15,7,60.116,61.517,0,1.02333588370314,"svitolina e.","van uytvanck a.",1516.43517016113,1500,3607
"2021-wimbledon-2117","wimbledon",2021,"1:01:03",101,"Elina Svitolina","Alison Van Uytvanck",109,1,2,2,"W","CTL",1,7,14.769,12.377,0,1.0424636572303,"svitolina e.","van uytvanck a.",1516.43517016113,1500,3663
"2021-wimbledon-2117","wimbledon",2021,"1:01:23",102,"Elina Svitolina","Alison Van Uytvanck",98,1,2,2,"BW","NCTL",3,7,25.809,20.345,0,0.93726090283091,"svitolina e.","van uytvanck a.",1516.43517016113,1500,3683
"2021-wimbledon-2117","wimbledon",2021,"1:02:54",103,"Elina Svitolina","Alison Van Uytvanck",85,2,1,2,"BC","NCTL",2,8,16.854,14.108,1,0.826006478482184,"svitolina e.","van uytvanck a.",1516.43517016113,1500,3774
"2021-wimbledon-2117","wimbledon",2021,"1:03:20",104,"Elina Svitolina","Alison Van Uytvanck",102,1,1,1,"C","NCTL",5,8,10.208,21.033,1,0.991207774178621,"svitolina e.","van uytvanck a.",1516.43517016113,1500,3800
"2021-wimbledon-2117","wimbledon",2021,"1:03:43",105,"Elina Svitolina","Alison Van Uytvanck",108,1,1,1,"C","NCTL",1,8,12.239,12.6,1,1.04951411383619,"svitolina e.","van uytvanck a.",1516.43517016113,1500,3823
"2021-wimbledon-2117","wimbledon",2021,"1:04:27",107,"Elina Svitolina","Alison Van Uytvanck",102,1,1,1,"BW","NCTL",1,8,15.748,18.666,1,0.991207774178621,"svitolina e.","van uytvanck a.",1516.43517016113,1500,3867
"2021-wimbledon-2117","wimbledon",2021,"1:04:48",108,"Elina Svitolina","Alison Van Uytvanck",102,1,1,2,"BC","NCTL",2,8,21.904,22.868,0,0.991207774178621,"svitolina e.","van uytvanck a.",1516.43517016113,1500,3888
"2021-wimbledon-2117","wimbledon",2021,"1:05:37",110,"Elina Svitolina","Alison Van Uytvanck",81,2,1,2,"BW","NCTL",6,8,36.259,26.681,1,0.78713558537714,"svitolina e.","van uytvanck a.",1516.43517016113,1500,3937
"2021-wimbledon-2117","wimbledon",2021,"1:07:53",111,"Elina Svitolina","Alison Van Uytvanck",83,2,2,2,"BC","NCTL",3,1,22.046,24.037,1,0.7938026013772,"svitolina e.","van uytvanck a.",1516.43517016113,1500,4073
"2021-wimbledon-2117","wimbledon",2021,"1:08:22",112,"Elina Svitolina","Alison Van Uytvanck",76,2,2,2,"BW","NCTL",1,1,14.219,12.846,1,0.726855394032135,"svitolina e.","van uytvanck a.",1516.43517016113,1500,4102
"2021-wimbledon-2117","wimbledon",2021,"1:08:54",113,"Elina Svitolina","Alison Van Uytvanck",109,1,2,2,"BC","NCTL",1,1,17.515,15.982,0,1.0424636572303,"svitolina e.","van uytvanck a.",1516.43517016113,1500,4134
"2021-wimbledon-2117","wimbledon",2021,"1:09:12",114,"Elina Svitolina","Alison Van Uytvanck",78,2,2,1,"BW","NCTL",2,1,13.115,12.538,0,0.745983167559296,"svitolina e.","van uytvanck a.",1516.43517016113,1500,4152
"2021-wimbledon-2117","wimbledon",2021,"1:09:44",115,"Elina Svitolina","Alison Van Uytvanck",85,2,2,2,"B","NCTL",3,1,26.768,27.611,1,0.812930374904361,"svitolina e.","van uytvanck a.",1516.43517016113,1500,4184
"2021-wimbledon-2117","wimbledon",2021,"1:10:36",116,"Elina Svitolina","Alison Van Uytvanck",84,2,1,2,"BC","CTL",6,2,30.306,28.214,1,0.816288755205923,"svitolina e.","van uytvanck a.",1516.43517016113,1500,4236
"2021-wimbledon-2117","wimbledon",2021,"1:11:11",117,"Elina Svitolina","Alison Van Uytvanck",103,1,1,1,"BC","NCTL",3,2,24.16,22.652,1,1.00092549745488,"svitolina e.","van uytvanck a.",1516.43517016113,1500,4271
"2021-wimbledon-2117","wimbledon",2021,"1:11:33",118,"Elina Svitolina","Alison Van Uytvanck",109,1,1,1,"C","NCTL",1,2,20.651,20.943,1,1.05923183711245,"svitolina e.","van uytvanck a.",1516.43517016113,1500,4293
"2021-wimbledon-2117","wimbledon",2021,"1:11:53",119,"Elina Svitolina","Alison Van Uytvanck",106,1,1,1,"","",1,2,0,0,1,1.03007866728367,"svitolina e.","van uytvanck a.",1516.43517016113,1500,4313
"2021-wimbledon-2117","wimbledon",2021,"1:12:10",120,"Elina Svitolina","Alison Van Uytvanck",88,2,1,2,"BC","CTL",2,2,15.967,19.896,1,0.855159648310967,"svitolina e.","van uytvanck a.",1516.43517016113,1500,4330
"2021-wimbledon-2117","wimbledon",2021,"1:12:48",121,"Elina Svitolina","Alison Van Uytvanck",103,1,1,1,"W","CTL",1,2,11.892,13.416,1,1.00092549745488,"svitolina e.","van uytvanck a.",1516.43517016113,1500,4368
"2021-wimbledon-2117","wimbledon",2021,"1:13:17",122,"Elina Svitolina","Alison Van Uytvanck",81,2,2,2,"C","NCTL",7,3,35.412,32.711,1,0.774674827850038,"svitolina e.","van uytvanck a.",1516.43517016113,1500,4397
"2021-wimbledon-2117","wimbledon",2021,"1:13:54",123,"Elina Svitolina","Alison Van Uytvanck",78,2,2,2,"BW","NCTL",3,3,19.608,20.731,1,0.745983167559296,"svitolina e.","van uytvanck a.",1516.43517016113,1500,4434
"2021-wimbledon-2117","wimbledon",2021,"1:14:29",124,"Elina Svitolina","Alison Van Uytvanck",88,2,2,1,"BC","NCTL",2,3,21.557,17.494,0,0.841622035195103,"svitolina e.","van uytvanck a.",1516.43517016113,1500,4469
"2021-wimbledon-2117","wimbledon",2021,"1:15:01",125,"Elina Svitolina","Alison Van Uytvanck",85,2,2,1,"W","NCTL",10,3,53.816,47.212,0,0.812930374904361,"svitolina e.","van uytvanck a.",1516.43517016113,1500,4501
"2021-wimbledon-2117","wimbledon",2021,"1:16:07",126,"Elina Svitolina","Alison Van Uytvanck",105,1,2,1,"B","NCTL",6,3,30.489,30.207,1,1.00420811017598,"svitolina e.","van uytvanck a.",1516.43517016113,1500,4567
"2021-wimbledon-2117","wimbledon",2021,"1:16:41",127,"Elina Svitolina","Alison Van Uytvanck",83,2,2,1,"W","CTL",2,3,20.824,19.852,0,0.7938026013772,"svitolina e.","van uytvanck a.",1516.43517016113,1500,4601
"2021-wimbledon-2117","wimbledon",2021,"1:18:23",128,"Elina Svitolina","Alison Van Uytvanck",80,2,1,2,"BC","NCTL",12,4,52.172,47.908,1,0.777417862100879,"svitolina e.","van uytvanck a.",1516.43517016113,1500,4703
"2021-wimbledon-2117","wimbledon",2021,"1:19:15",129,"Elina Svitolina","Alison Van Uytvanck",102,1,1,2,"C","CTL",4,4,24.016,24.429,0,0.991207774178621,"svitolina e.","van uytvanck a.",1516.43517016113,1500,4755
"2021-wimbledon-2117","wimbledon",2021,"1:19:42",130,"Elina Svitolina","Alison Van Uytvanck",96,1,1,2,"W","CTL",4,4,26.359,16.638,0,0.932901434521055,"svitolina e.","van uytvanck a.",1516.43517016113,1500,4782
"2021-wimbledon-2117","wimbledon",2021,"1:20:06",131,"Elina Svitolina","Alison Van Uytvanck",101,1,1,1,"C","NCTL",1,4,12.324,13.149,1,0.98149005090236,"svitolina e.","van uytvanck a.",1516.43517016113,1500,4806
"2021-wimbledon-2117","wimbledon",2021,"1:20:22",132,"Elina Svitolina","Alison Van Uytvanck",109,1,1,1,"C","CTL",3,4,16.037,17.353,1,1.05923183711245,"svitolina e.","van uytvanck a.",1516.43517016113,1500,4822
"2021-wimbledon-2117","wimbledon",2021,"1:21:43",134,"Elina Svitolina","Alison Van Uytvanck",85,2,2,1,"BC","NCTL",8,5,26.067,33.9,0,0.812930374904361,"svitolina e.","van uytvanck a.",1516.43517016113,1500,4903
"2021-wimbledon-2117","wimbledon",2021,"1:22:34",135,"Elina Svitolina","Alison Van Uytvanck",109,1,2,1,"BC","CTL",4,5,21.54,18.401,1,1.0424636572303,"svitolina e.","van uytvanck a.",1516.43517016113,1500,4954
"2021-wimbledon-2117","wimbledon",2021,"1:23:00",136,"Elina Svitolina","Alison Van Uytvanck",108,1,2,2,"C","NCTL",1,5,14.596,12.188,0,1.03289977046672,"svitolina e.","van uytvanck a.",1516.43517016113,1500,4980
"2021-wimbledon-2117","wimbledon",2021,"1:23:15",137,"Elina Svitolina","Alison Van Uytvanck",80,2,2,2,"BW","NCTL",9,5,68.597,40.211,1,0.765110941086457,"svitolina e.","van uytvanck a.",1516.43517016113,1500,4995
"2021-wimbledon-2117","wimbledon",2021,"1:24:00",138,"Elina Svitolina","Alison Van Uytvanck",102,1,2,1,"W","CTL",2,5,22.376,15.878,1,0.975516449885233,"svitolina e.","van uytvanck a.",1516.43517016113,1500,5040
"2021-wimbledon-2117","wimbledon",2021,"1:24:26",139,"Elina Svitolina","Alison Van Uytvanck",107,1,2,1,"W","CTL",4,5,26.087,21.563,1,1.02333588370314,"svitolina e.","van uytvanck a.",1516.43517016113,1500,5066
"2021-wimbledon-2117","wimbledon",2021,"1:26:03",140,"Elina Svitolina","Alison Van Uytvanck",78,2,1,2,"B","NCTL",6,6,22.085,34.728,1,0.757982415548357,"svitolina e.","van uytvanck a.",1516.43517016113,1500,5163
"2021-wimbledon-2117","wimbledon",2021,"1:26:45",141,"Elina Svitolina","Alison Van Uytvanck",99,1,1,1,"C","NCTL",5,6,27.423,33.157,1,0.962054604349838,"svitolina e.","van uytvanck a.",1516.43517016113,1500,5205
"2021-wimbledon-2117","wimbledon",2021,"1:27:17",142,"Elina Svitolina","Alison Van Uytvanck",107,1,1,1,"C","NCTL",3,6,19.416,27.17,1,1.03979639055993,"svitolina e.","van uytvanck a.",1516.43517016113,1500,5237
"2021-wimbledon-2117","wimbledon",2021,"1:27:44",143,"Elina Svitolina","Alison Van Uytvanck",78,2,1,1,"B","NCTL",3,6,27.906,25.181,0,0.757982415548357,"svitolina e.","van uytvanck a.",1516.43517016113,1500,5264
"2021-wimbledon-2117","wimbledon",2021,"1:28:24",144,"Elina Svitolina","Alison Van Uytvanck",106,1,1,1,"BC","CTL",11,6,42.022,45.718,1,1.03007866728367,"svitolina e.","van uytvanck a.",1516.43517016113,1500,5304
"2021-wimbledon-2117","wimbledon",2021,"1:29:15",145,"Elina Svitolina","Alison Van Uytvanck",97,1,2,2,"W","CTL",5,7,29.273,17.326,0,0.92769701606733,"svitolina e.","van uytvanck a.",1516.43517016113,1500,5355
"2021-wimbledon-2117","wimbledon",2021,"1:29:41",146,"Elina Svitolina","Alison Van Uytvanck",84,2,2,2,"BW","NCTL",1,7,4.491,5.056,1,0.80336648814078,"svitolina e.","van uytvanck a.",1516.43517016113,1500,5381
"2021-wimbledon-2117","wimbledon",2021,"1:30:27",147,"Elina Svitolina","Alison Van Uytvanck",101,1,2,2,"W","CTL",5,7,25.392,16.739,0,0.965952563121653,"svitolina e.","van uytvanck a.",1516.43517016113,1500,5427
"2021-wimbledon-2117","wimbledon",2021,"1:30:55",148,"Elina Svitolina","Alison Van Uytvanck",93,2,2,1,"C","NCTL",2,7,16.706,17.368,0,0.889441469013007,"svitolina e.","van uytvanck a.",1516.43517016113,1500,5455
"2021-wimbledon-2117","wimbledon",2021,"1:31:27",149,"Elina Svitolina","Alison Van Uytvanck",104,1,2,1,"BC","NCTL",4,7,23.831,22.472,1,0.994644223412395,"svitolina e.","van uytvanck a.",1516.43517016113,1500,5487
"2021-wimbledon-2117","wimbledon",2021,"1:31:51",150,"Elina Svitolina","Alison Van Uytvanck",83,2,2,1,"BW","NCTL",4,7,27.857,24.194,0,0.7938026013772,"svitolina e.","van uytvanck a.",1516.43517016113,1500,5511
"2021-wimbledon-2117","wimbledon",2021,"1:32:27",151,"Elina Svitolina","Alison Van Uytvanck",80,2,2,1,"BC","CTL",2,7,14.76,17.598,0,0.765110941086457,"svitolina e.","van uytvanck a.",1516.43517016113,1500,5547
"2021-wimbledon-2117","wimbledon",2021,"1:33:00",152,"Elina Svitolina","Alison Van Uytvanck",76,2,2,1,"B","NCTL",2,7,16.511,19.644,0,0.726855394032135,"svitolina e.","van uytvanck a.",1516.43517016113,1500,5580
"2021-wimbledon-2117","wimbledon",2021,"1:34:45",153,"Elina Svitolina","Alison Van Uytvanck",106,1,1,2,"C","CTL",6,8,25.607,20.435,0,1.03007866728367,"svitolina e.","van uytvanck a.",1516.43517016113,1500,5685
"2021-wimbledon-2117","wimbledon",2021,"1:35:11",154,"Elina Svitolina","Alison Van Uytvanck",85,2,1,2,"BW","NCTL",8,8,53.817,35.448,1,0.826006478482184,"svitolina e.","van uytvanck a.",1516.43517016113,1500,5711
"2021-wimbledon-2117","wimbledon",2021,"1:35:52",155,"Elina Svitolina","Alison Van Uytvanck",95,1,1,1,"W","NCTL",5,8,29.221,32.219,1,0.923183711244794,"svitolina e.","van uytvanck a.",1516.43517016113,1500,5752
"2021-wimbledon-2117","wimbledon",2021,"1:36:21",156,"Elina Svitolina","Alison Van Uytvanck",84,2,1,2,"B","NCTL",2,8,26.905,17.553,1,0.816288755205923,"svitolina e.","van uytvanck a.",1516.43517016113,1500,5781
"2021-wimbledon-2117","wimbledon",2021,"1:37:05",157,"Elina Svitolina","Alison Van Uytvanck",106,1,1,1,"BC","CTL",1,8,16.175,15.46,1,1.03007866728367,"svitolina e.","van uytvanck a.",1516.43517016113,1500,5825
"2021-wimbledon-2117","wimbledon",2021,"1:37:47",158,"Elina Svitolina","Alison Van Uytvanck",104,1,1,2,"BC","NCTL",2,8,18.116,25.636,0,1.01064322073114,"svitolina e.","van uytvanck a.",1516.43517016113,1500,5867
"2021-wimbledon-2117","wimbledon",2021,"1:38:44",159,"Elina Svitolina","Alison Van Uytvanck",88,2,2,2,"BW","NCTL",5,9,31.882,29.705,1,0.841622035195103,"svitolina e.","van uytvanck a.",1516.43517016113,1500,5924
"2021-wimbledon-2117","wimbledon",2021,"1:39:24",160,"Elina Svitolina","Alison Van Uytvanck",110,1,2,1,"BC","NCTL",2,9,20.225,22.354,1,1.05202754399388,"svitolina e.","van uytvanck a.",1516.43517016113,1500,5964
"2021-wimbledon-2117","wimbledon",2021,"1:39:43",161,"Elina Svitolina","Alison Van Uytvanck",111,1,2,2,"C","NCTL",1,9,14.934,12.649,0,1.06159143075746,"svitolina e.","van uytvanck a.",1516.43517016113,1500,5983
"2021-wimbledon-2117","wimbledon",2021,"1:39:58",162,"Elina Svitolina","Alison Van Uytvanck",109,1,2,2,"W","NCTL",3,9,20.85,16.419,0,1.0424636572303,"svitolina e.","van uytvanck a.",1516.43517016113,1500,5998
"2021-wimbledon-2117","wimbledon",2021,"1:40:28",163,"Elina Svitolina","Alison Van Uytvanck",99,1,2,1,"BW","NCTL",2,9,17.321,24.727,1,0.946824789594491,"svitolina e.","van uytvanck a.",1516.43517016113,1500,6028
"2021-wimbledon-2117","wimbledon",2021,"1:40:53",164,"Elina Svitolina","Alison Van Uytvanck",79,2,2,1,"W","NCTL",4,9,33.923,30.104,0,0.755547054322877,"svitolina e.","van uytvanck a.",1516.43517016113,1500,6053
"2021-wimbledon-2117","wimbledon",2021,"1:41:29",165,"Elina Svitolina","Alison Van Uytvanck",104,1,2,1,"C","NCTL",4,9,21.648,18.344,1,0.994644223412395,"svitolina e.","van uytvanck a.",1516.43517016113,1500,6089
"2021-wimbledon-2117","wimbledon",2021,"1:41:53",166,"Elina Svitolina","Alison Van Uytvanck",78,2,2,1,"BW","NCTL",2,9,15.539,16.706,0,0.745983167559296,"svitolina e.","van uytvanck a.",1516.43517016113,1500,6113
"2021-wimbledon-2125","wimbledon",2021,"0:00:00",1,"Belinda Bencic","Kaja Juvan",108,1,2,1,"C","NCTL",4,1,18.679,20.097,1,1.08300835654596,"bencic b.","juvan k.",1500,1520.34830591377,0
"2021-wimbledon-2125","wimbledon",2021,"0:00:23",2,"Belinda Bencic","Kaja Juvan",72,2,2,2,"BW","NCTL",3,1,30.67,28.892,1,0.722005571030641,"bencic b.","juvan k.",1500,1520.34830591377,23
"2021-wimbledon-2125","wimbledon",2021,"0:01:04",3,"Belinda Bencic","Kaja Juvan",80,2,2,2,"C","NCTL",3,1,20.637,19.364,1,0.802228412256267,"bencic b.","juvan k.",1500,1520.34830591377,64
"2021-wimbledon-2125","wimbledon",2021,"0:01:38",4,"Belinda Bencic","Kaja Juvan",84,2,2,1,"B","NCTL",8,1,41.057,42.796,0,0.842339832869081,"bencic b.","juvan k.",1500,1520.34830591377,98
"2021-wimbledon-2125","wimbledon",2021,"0:02:24",5,"Belinda Bencic","Kaja Juvan",109,1,2,2,"C","NCTL",1,1,13.261,11.856,0,1.09303621169916,"bencic b.","juvan k.",1500,1520.34830591377,144
"2021-wimbledon-2125","wimbledon",2021,"0:02:44",6,"Belinda Bencic","Kaja Juvan",97,1,2,2,"C","NCTL",1,1,15.067,14.598,0,0.972701949860724,"bencic b.","juvan k.",1500,1520.34830591377,164
"2021-wimbledon-2125","wimbledon",2021,"0:03:50",7,"Belinda Bencic","Kaja Juvan",87,2,1,1,"BC","NCTL",7,2,30.21,28.331,0,0.852941176470588,"bencic b.","juvan k.",1500,1520.34830591377,230
"2021-wimbledon-2125","wimbledon",2021,"0:04:35",8,"Belinda Bencic","Kaja Juvan",81,2,1,2,"BW","NCTL",2,2,19.133,23.137,1,0.794117647058823,"bencic b.","juvan k.",1500,1520.34830591377,275
"2021-wimbledon-2125","wimbledon",2021,"0:05:09",9,"Belinda Bencic","Kaja Juvan",111,1,1,1,"C","NCTL",1,2,22.92,22.088,1,1.08823529411765,"bencic b.","juvan k.",1500,1520.34830591377,309
"2021-wimbledon-2125","wimbledon",2021,"0:05:30",10,"Belinda Bencic","Kaja Juvan",86,2,1,2,"C","NCTL",2,2,20.759,21.551,1,0.843137254901961,"bencic b.","juvan k.",1500,1520.34830591377,330
"2021-wimbledon-2125","wimbledon",2021,"0:06:04",11,"Belinda Bencic","Kaja Juvan",89,2,1,2,"BW","NCTL",2,2,25.203,20.208,1,0.872549019607843,"bencic b.","juvan k.",1500,1520.34830591377,364
"2021-wimbledon-2125","wimbledon",2021,"0:06:41",12,"Belinda Bencic","Kaja Juvan",108,1,1,2,"C","NCTL",10,2,48.791,54.816,0,1.05882352941176,"bencic b.","juvan k.",1500,1520.34830591377,401
"2021-wimbledon-2125","wimbledon",2021,"0:07:34",13,"Belinda Bencic","Kaja Juvan",106,1,2,2,"C","NCTL",5,3,27.625,30.275,0,1.06295264623955,"bencic b.","juvan k.",1500,1520.34830591377,454
"2021-wimbledon-2125","wimbledon",2021,"0:08:01",14,"Belinda Bencic","Kaja Juvan",108,1,2,1,"W","CTL",2,3,22.821,22.291,1,1.08300835654596,"bencic b.","juvan k.",1500,1520.34830591377,481
"2021-wimbledon-2125","wimbledon",2021,"0:08:24",15,"Belinda Bencic","Kaja Juvan",95,1,2,2,"W","CTL",3,3,26.354,19.615,0,0.952646239554317,"bencic b.","juvan k.",1500,1520.34830591377,504
"2021-wimbledon-2125","wimbledon",2021,"0:08:47",16,"Belinda Bencic","Kaja Juvan",76,2,2,1,"B","NCTL",6,3,29.177,28.734,0,0.762116991643454,"bencic b.","juvan k.",1500,1520.34830591377,527
"2021-wimbledon-2125","wimbledon",2021,"0:09:27",17,"Belinda Bencic","Kaja Juvan",79,2,2,2,"BW","NCTL",1,3,17.126,18.407,1,0.792200557103064,"bencic b.","juvan k.",1500,1520.34830591377,567
"2021-wimbledon-2125","wimbledon",2021,"0:09:59",18,"Belinda Bencic","Kaja Juvan",106,1,2,2,"BW","NCTL",3,3,18.846,17.9,0,1.06295264623955,"bencic b.","juvan k.",1500,1520.34830591377,599
"2021-wimbledon-2125","wimbledon",2021,"0:11:41",19,"Belinda Bencic","Kaja Juvan",85,2,1,2,"W","NCTL",2,4,17.12,21.775,1,0.833333333333333,"bencic b.","juvan k.",1500,1520.34830591377,701
"2021-wimbledon-2125","wimbledon",2021,"0:12:30",20,"Belinda Bencic","Kaja Juvan",92,2,1,2,"C","NCTL",10,4,47.076,43.617,1,0.901960784313726,"bencic b.","juvan k.",1500,1520.34830591377,750
"2021-wimbledon-2125","wimbledon",2021,"0:13:23",21,"Belinda Bencic","Kaja Juvan",106,1,1,1,"C","NCTL",1,4,12.121,14.092,1,1.03921568627451,"bencic b.","juvan k.",1500,1520.34830591377,803
"2021-wimbledon-2125","wimbledon",2021,"0:13:41",22,"Belinda Bencic","Kaja Juvan",81,2,1,1,"B","NCTL",3,4,24.205,23.816,0,0.794117647058823,"bencic b.","juvan k.",1500,1520.34830591377,821
"2021-wimbledon-2125","wimbledon",2021,"0:14:19",23,"Belinda Bencic","Kaja Juvan",92,1,1,1,"W","CTL",3,4,16.416,26.625,1,0.901960784313726,"bencic b.","juvan k.",1500,1520.34830591377,859
"2021-wimbledon-2125","wimbledon",2021,"0:14:45",24,"Belinda Bencic","Kaja Juvan",107,1,1,2,"BW","NCTL",4,4,22.826,26.513,0,1.04901960784314,"bencic b.","juvan k.",1500,1520.34830591377,885
"2021-wimbledon-2125","wimbledon",2021,"0:15:17",25,"Belinda Bencic","Kaja Juvan",87,2,1,1,"B","CTL",5,4,27.68,30.546,0,0.852941176470588,"bencic b.","juvan k.",1500,1520.34830591377,917
"2021-wimbledon-2125","wimbledon",2021,"0:15:56",26,"Belinda Bencic","Kaja Juvan",103,1,1,2,"C","NCTL",6,4,31.145,27.862,0,1.00980392156863,"bencic b.","juvan k.",1500,1520.34830591377,956
"2021-wimbledon-2125","wimbledon",2021,"0:16:29",27,"Belinda Bencic","Kaja Juvan",88,2,1,2,"","",4,4,0,0,1,0.862745098039216,"bencic b.","juvan k.",1500,1520.34830591377,989
"2021-wimbledon-2125","wimbledon",2021,"0:17:06",28,"Belinda Bencic","Kaja Juvan",93,2,1,2,"","",2,4,0,0,1,0.911764705882353,"bencic b.","juvan k.",1500,1520.34830591377,1026
"2021-wimbledon-2125","wimbledon",2021,"0:17:53",29,"Belinda Bencic","Kaja Juvan",84,2,2,1,"","",4,5,0,0,0,0.842339832869081,"bencic b.","juvan k.",1500,1520.34830591377,1073
"2021-wimbledon-2125","wimbledon",2021,"0:18:28",30,"Belinda Bencic","Kaja Juvan",100,1,2,2,"BW","NCTL",3,5,25.567,28.422,0,1.00278551532033,"bencic b.","juvan k.",1500,1520.34830591377,1108
"2021-wimbledon-2125","wimbledon",2021,"0:18:54",31,"Belinda Bencic","Kaja Juvan",77,2,2,1,"BC","NCTL",2,5,17.757,18.196,0,0.772144846796657,"bencic b.","juvan k.",1500,1520.34830591377,1134
"2021-wimbledon-2125","wimbledon",2021,"0:19:27",32,"Belinda Bencic","Kaja Juvan",104,1,2,2,"BC","NCTL",1,5,15.018,16.894,0,1.04289693593315,"bencic b.","juvan k.",1500,1520.34830591377,1167
"2021-wimbledon-2125","wimbledon",2021,"0:19:45",33,"Belinda Bencic","Kaja Juvan",87,2,2,2,"BC","NCTL",5,5,23.649,29.072,1,0.872423398328691,"bencic b.","juvan k.",1500,1520.34830591377,1185
"2021-wimbledon-2125","wimbledon",2021,"0:20:26",34,"Belinda Bencic","Kaja Juvan",96,1,2,2,"C","NCTL",1,5,15.587,14.823,0,0.962674094707521,"bencic b.","juvan k.",1500,1520.34830591377,1226
"2021-wimbledon-2125","wimbledon",2021,"0:22:14",35,"Belinda Bencic","Kaja Juvan",90,2,1,1,"W","CTL",1,6,12.48,12.958,0,0.882352941176471,"bencic b.","juvan k.",1500,1520.34830591377,1334
"2021-wimbledon-2125","wimbledon",2021,"0:22:45",36,"Belinda Bencic","Kaja Juvan",106,1,1,1,"BW","NCTL",7,6,36.328,41.965,1,1.03921568627451,"bencic b.","juvan k.",1500,1520.34830591377,1365
"2021-wimbledon-2125","wimbledon",2021,"0:23:16",37,"Belinda Bencic","Kaja Juvan",86,2,1,1,"C","NCTL",1,6,16.472,15.92,0,0.843137254901961,"bencic b.","juvan k.",1500,1520.34830591377,1396
"2021-wimbledon-2125","wimbledon",2021,"0:23:45",38,"Belinda Bencic","Kaja Juvan",103,1,1,2,"BW","CTL",2,6,19.075,22.696,0,1.00980392156863,"bencic b.","juvan k.",1500,1520.34830591377,1425
"2021-wimbledon-2125","wimbledon",2021,"0:24:41",40,"Belinda Bencic","Kaja Juvan",85,2,1,2,"C","NCTL",6,6,35.549,33.242,1,0.833333333333333,"bencic b.","juvan k.",1500,1520.34830591377,1481
"2021-wimbledon-2125","wimbledon",2021,"0:25:23",41,"Belinda Bencic","Kaja Juvan",105,2,1,1,"C","NCTL",5,6,21.328,30.334,0,1.02941176470588,"bencic b.","juvan k.",1500,1520.34830591377,1523
"2021-wimbledon-2125","wimbledon",2021,"0:26:00",42,"Belinda Bencic","Kaja Juvan",103,1,1,1,"BW","NCTL",5,6,23.791,30.652,1,1.00980392156863,"bencic b.","juvan k.",1500,1520.34830591377,1560
"2021-wimbledon-2125","wimbledon",2021,"0:26:41",43,"Belinda Bencic","Kaja Juvan",82,2,2,1,"B","NCTL",2,7,12.487,12.711,0,0.822284122562674,"bencic b.","juvan k.",1500,1520.34830591377,1601
"2021-wimbledon-2125","wimbledon",2021,"0:27:12",44,"Belinda Bencic","Kaja Juvan",73,2,2,1,"W","NCTL",2,7,14.821,15.867,0,0.732033426183844,"bencic b.","juvan k.",1500,1520.34830591377,1632
"2021-wimbledon-2125","wimbledon",2021,"0:27:46",45,"Belinda Bencic","Kaja Juvan",84,2,2,1,"BC","CTL",2,7,15.17,16.551,0,0.842339832869081,"bencic b.","juvan k.",1500,1520.34830591377,1666
