"match_id","slam","year","ElapsedTime","PointNumber","player1","player2","Speed_MPH","ServeNumber","PointServer","PointWinner","ServeWidth","ServeDepth","RallyCount","GameNo","P1DistanceRun","P2DistanceRun","serving_player_won","speed_ratio","P1BreakPoint","P2BreakPoint","SetNo","P1GamesWon","P2GamesWon","player1_name","player2_name","Break_Point_Multiplier","Late_Set_Multiplier","Set_Progression_Multiplier","Importance","player1_avg_welo","player2_avg_welo","ElapsedSeconds"
"2024-wimbledon-2101","wimbledon",2024,"0:00:00",1,"Iga Swiatek","Sofia Kenin",112,1,1,1,"BC","NCTL",1,1,2.643,2.519,1,1.09769206449573,0,0,1,0,0,"swiatek i.","kenin s.",1,1,1,1,1537.13438122888,1500,0
"2024-wimbledon-2101","wimbledon",2024,"0:00:17",2,"Iga Swiatek","Sofia Kenin",108,1,1,2,"BW","NCTL",6,1,20.709,23.526,0,1.05848877647803,0,0,1,0,0,"swiatek i.","kenin s.",1,1,1,1,1537.13438122888,1500,17
"2024-wimbledon-2101","wimbledon",2024,"0:00:49",3,"Iga Swiatek","Sofia Kenin",89,2,1,2,"B","NCTL",12,1,40.662,42.869,1,0.87227315839393,0,0,1,0,0,"swiatek i.","kenin s.",1,1,1,1,1537.13438122888,1500,49
"2024-wimbledon-2101","wimbledon",2024,"0:01:50",4,"Iga Swiatek","Sofia Kenin",89,2,1,1,"W","CTL",3,1,10.538,12.414,0,0.87227315839393,0,0,1,0,0,"swiatek i.","kenin s.",1,1,1,1,1537.13438122888,1500,110
"2024-wimbledon-2101","wimbledon",2024,"0:02:39",5,"Iga Swiatek","Sofia Kenin",85,2,1,2,"C","NCTL",12,1,35.271,37.459,1,0.833069870376225,0,0,1,0,0,"swiatek i.","kenin s.",1,1,1,1,1537.13438122888,1500,159
"2024-wimbledon-2101","wimbledon",2024,"0:03:44",6,"Iga Swiatek","Sofia Kenin",103,1,1,1,"C","NCTL",1,1,1.726,2.164,1,1.0094846664559,0,1,1,0,0,"swiatek i.","kenin s.",3,1,1,3,1537.13438122888,1500,224
"2024-wimbledon-2101","wimbledon",2024,"0:04:09",7,"Iga Swiatek","Sofia Kenin",93,1,1,1,"W","CTL",1,1,4.718,5.669,1,0.911476446411634,0,0,1,0,0,"swiatek i.","kenin s.",1,1,1,1,1537.13438122888,1500,249
"2024-wimbledon-2101","wimbledon",2024,"0:04:35",8,"Iga Swiatek","Sofia Kenin",102,1,1,1,"C","NCTL",1,1,2.717,3.703,1,0.99968384445147,0,0,1,1,0,"swiatek i.","kenin s.",1,1,1,1,1537.13438122888,1500,275
"2024-wimbledon-2101","wimbledon",2024,"0:05:54",9,"Iga Swiatek","Sofia Kenin",85,2,2,1,"C","NCTL",2,2,5.129,3.772,0,0.90288315629742,0,0,1,1,0,"swiatek i.","kenin s.",1,1,1,1,1537.13438122888,1500,354
"2024-wimbledon-2101","wimbledon",2024,"0:06:36",10,"Iga Swiatek","Sofia Kenin",93,1,2,1,"C","NCTL",2,2,7.397,6.911,1,0.987860394537178,0,0,1,1,0,"swiatek i.","kenin s.",1,1,1,1,1537.13438122888,1500,396
"2024-wimbledon-2101","wimbledon",2024,"0:06:59",11,"Iga Swiatek","Sofia Kenin",94,1,2,1,"BC","CTL",2,2,5.426,4.945,1,0.998482549317147,0,0,1,1,0,"swiatek i.","kenin s.",1,1,1,1,1537.13438122888,1500,419
"2024-wimbledon-2101","wimbledon",2024,"0:07:19",12,"Iga Swiatek","Sofia Kenin",91,1,2,2,"W","CTL",1,2,5.038,4.577,0,0.966616084977238,1,0,1,1,0,"swiatek i.","kenin s.",3,1,1,3,1537.13438122888,1500,439
"2024-wimbledon-2101","wimbledon",2024,"0:07:38",13,"Iga Swiatek","Sofia Kenin",91,1,2,2,"W","NCTL",3,2,9.017,8.66,0,0.966616084977238,1,0,1,1,0,"swiatek i.","kenin s.",3,1,1,3,1537.13438122888,1500,458
"2024-wimbledon-2101","wimbledon",2024,"0:08:00",14,"Iga Swiatek","Sofia Kenin",93,1,2,2,"C","NCTL",3,2,8.841,9.856,0,0.987860394537178,1,0,1,1,0,"swiatek i.","kenin s.",3,1,1,3,1537.13438122888,1500,480
"2024-wimbledon-2101","wimbledon",2024,"0:08:28",15,"Iga Swiatek","Sofia Kenin",93,2,2,1,"BC","NCTL",2,2,8.954,6.529,0,0.987860394537178,0,0,1,1,0,"swiatek i.","kenin s.",1,1,1,1,1537.13438122888,1500,508
"2024-wimbledon-2101","wimbledon",2024,"0:09:00",16,"Iga Swiatek","Sofia Kenin",96,1,2,1,"W","CTL",4,2,18.009,15.272,1,1.01972685887709,1,0,1,2,0,"swiatek i.","kenin s.",3,1,1,3,1537.13438122888,1500,540
"2024-wimbledon-2101","wimbledon",2024,"0:09:45",17,"Iga Swiatek","Sofia Kenin",113,1,1,1,"B","NCTL",5,3,12.742,15.397,1,1.10749288650016,0,0,1,2,0,"swiatek i.","kenin s.",1,1,1,1,1537.13438122888,1500,585
"2024-wimbledon-2101","wimbledon",2024,"0:10:14",18,"Iga Swiatek","Sofia Kenin",115,1,1,2,"B","CTL",2,3,8.373,8.557,0,1.12709453050901,0,0,1,2,0,"swiatek i.","kenin s.",1,1,1,1,1537.13438122888,1500,614
"2024-wimbledon-2101","wimbledon",2024,"0:10:39",19,"Iga Swiatek","Sofia Kenin",81,2,1,1,"BC","NCTL",1,3,3.991,4.249,0,0.79386658235852,0,0,1,2,0,"swiatek i.","kenin s.",1,1,1,1,1537.13438122888,1500,639
"2024-wimbledon-2101","wimbledon",2024,"0:11:18",20,"Iga Swiatek","Sofia Kenin",80,2,1,2,"BW","NCTL",2,3,3.996,3.684,1,0.784065760354094,0,0,1,2,0,"swiatek i.","kenin s.",1,1,1,1,1537.13438122888,1500,678
"2024-wimbledon-2101","wimbledon",2024,"0:12:01",21,"Iga Swiatek","Sofia Kenin",89,1,1,2,"W","CTL",4,3,26.754,32.233,0,0.87227315839393,0,0,1,2,0,"swiatek i.","kenin s.",1,1,1,1,1537.13438122888,1500,721
"2024-wimbledon-2101","wimbledon",2024,"0:12:47",22,"Iga Swiatek","Sofia Kenin",84,2,1,1,"W","CTL",1,3,6.322,6.673,0,0.823269048371799,0,1,1,2,0,"swiatek i.","kenin s.",3,1,1,3,1537.13438122888,1500,767
"2024-wimbledon-2101","wimbledon",2024,"0:13:36",23,"Iga Swiatek","Sofia Kenin",90,2,1,2,"B","NCTL",2,3,5.894,8.625,1,0.882073980398356,0,0,1,2,0,"swiatek i.","kenin s.",1,1,1,1,1537.13438122888,1500,816
"2024-wimbledon-2101","wimbledon",2024,"0:14:20",24,"Iga Swiatek","Sofia Kenin",81,2,1,2,"BW","NCTL",2,3,6.857,8.893,1,0.79386658235852,0,1,1,2,1,"swiatek i.","kenin s.",3,1,1,3,1537.13438122888,1500,860
"2024-wimbledon-2101","wimbledon",2024,"0:16:54",26,"Iga Swiatek","Sofia Kenin",92,1,2,1,"BW","NCTL",4,4,30.811,19.161,1,0.977238239757208,0,0,1,2,1,"swiatek i.","kenin s.",1,1,1,1,1537.13438122888,1500,1014
"2024-wimbledon-2101","wimbledon",2024,"0:17:33",27,"Iga Swiatek","Sofia Kenin",92,1,2,1,"W","CTL",2,4,11.885,8.782,1,0.977238239757208,0,0,1,2,1,"swiatek i.","kenin s.",1,1,1,1,1537.13438122888,1500,1053
"2024-wimbledon-2101","wimbledon",2024,"0:17:57",28,"Iga Swiatek","Sofia Kenin",95,1,2,1,"BC","NCTL",2,4,3.859,3.412,1,1.00910470409712,1,0,1,3,1,"swiatek i.","kenin s.",3,1,1,3,1537.13438122888,1500,1077
"2024-wimbledon-2101","wimbledon",2024,"0:18:36",29,"Iga Swiatek","Sofia Kenin",95,1,1,1,"W","CTL",1,5,8.15,8.716,1,0.931078090420487,0,0,1,3,1,"swiatek i.","kenin s.",1,1,1,1,1537.13438122888,1500,1116
"2024-wimbledon-2101","wimbledon",2024,"0:19:16",30,"Iga Swiatek","Sofia Kenin",112,1,1,1,"W","NCTL",1,5,1.272,1.758,1,1.09769206449573,0,0,1,3,1,"swiatek i.","kenin s.",1,1,1,1,1537.13438122888,1500,1156
"2024-wimbledon-2101","wimbledon",2024,"0:19:46",31,"Iga Swiatek","Sofia Kenin",114,1,1,1,"C","NCTL",1,5,1.19,1.021,1,1.11729370850458,0,0,1,3,1,"swiatek i.","kenin s.",1,1,1,1,1537.13438122888,1500,1186
"2024-wimbledon-2101","wimbledon",2024,"0:20:10",32,"Iga Swiatek","Sofia Kenin",88,2,1,2,"W","NCTL",4,5,19.396,20.095,1,0.862472336389504,0,0,1,3,1,"swiatek i.","kenin s.",1,1,1,1,1537.13438122888,1500,1210
"2024-wimbledon-2101","wimbledon",2024,"0:20:59",33,"Iga Swiatek","Sofia Kenin",85,2,1,1,"C","NCTL",1,5,5.036,4.696,0,0.833069870376225,0,0,1,4,1,"swiatek i.","kenin s.",1,1,1,1,1537.13438122888,1500,1259
"2024-wimbledon-2101","wimbledon",2024,"0:23:03",34,"Iga Swiatek","Sofia Kenin",93,1,2,1,"BC","NCTL",8,6,22.085,22.954,1,0.987860394537178,0,0,1,4,1,"swiatek i.","kenin s.",1,1,1,1,1537.13438122888,1500,1383
"2024-wimbledon-2101","wimbledon",2024,"0:24:06",36,"Iga Swiatek","Sofia Kenin",97,1,2,2,"C","CTL",1,6,1.089,0.889,0,1.03034901365706,0,0,1,4,1,"swiatek i.","kenin s.",1,1,1,1,1537.13438122888,1500,1446
"2024-wimbledon-2101","wimbledon",2024,"0:24:24",37,"Iga Swiatek","Sofia Kenin",95,1,2,2,"C","NCTL",5,6,15.124,15.483,0,1.00910470409712,0,0,1,4,1,"swiatek i.","kenin s.",1,1,1,1,1537.13438122888,1500,1464
"2024-wimbledon-2101","wimbledon",2024,"0:24:51",38,"Iga Swiatek","Sofia Kenin",90,2,2,2,"BC","CTL",1,6,2.818,2.714,1,0.955993930197269,0,0,1,4,1,"swiatek i.","kenin s.",1,1,1,1,1537.13438122888,1500,1491
"2024-wimbledon-2101","wimbledon",2024,"0:25:22",39,"Iga Swiatek","Sofia Kenin",94,1,2,2,"C","CTL",1,6,3.065,3.238,0,0.998482549317147,0,0,1,4,2,"swiatek i.","kenin s.",1,1,1,1,1537.13438122888,1500,1522
"2024-wimbledon-2101","wimbledon",2024,"0:25:57",40,"Iga Swiatek","Sofia Kenin",89,2,1,2,"BC","NCTL",2,7,5.498,5.796,1,0.87227315839393,0,0,1,4,2,"swiatek i.","kenin s.",1,1,1,1,1537.13438122888,1500,1557
"2024-wimbledon-2101","wimbledon",2024,"0:26:37",41,"Iga Swiatek","Sofia Kenin",90,2,1,1,"W","CTL",1,7,3.423,3.652,0,0.882073980398356,0,0,1,4,2,"swiatek i.","kenin s.",1,1,1,1,1537.13438122888,1500,1597
"2024-wimbledon-2101","wimbledon",2024,"0:27:41",42,"Iga Swiatek","Sofia Kenin",98,1,1,1,"BW","NCTL",1,7,0.805,0.915,1,0.960480556433765,0,0,1,4,2,"swiatek i.","kenin s.",1,1,1,1,1537.13438122888,1500,1661
"2024-wimbledon-2101","wimbledon",2024,"0:28:07",43,"Iga Swiatek","Sofia Kenin",87,2,1,1,"W","CTL",3,7,7.952,10.568,0,0.852671514385077,0,0,1,4,2,"swiatek i.","kenin s.",1,1,1,1,1537.13438122888,1500,1687
"2024-wimbledon-2101","wimbledon",2024,"0:28:58",44,"Iga Swiatek","Sofia Kenin",89,1,1,1,"W","CTL",3,7,6.829,10.555,1,0.87227315839393,0,0,1,5,2,"swiatek i.","kenin s.",1,1.8,1,1.8,1537.13438122888,1500,1738
"2024-wimbledon-2101","wimbledon",2024,"0:31:18",46,"Iga Swiatek","Sofia Kenin",95,1,2,2,"C","NCTL",1,8,5.991,5.117,0,1.00910470409712,0,0,1,5,2,"swiatek i.","kenin s.",1,1.8,1,1.8,1537.13438122888,1500,1878
"2024-wimbledon-2101","wimbledon",2024,"0:31:36",47,"Iga Swiatek","Sofia Kenin",96,1,2,1,"BC","NCTL",2,8,5.383,5.436,1,1.01972685887709,0,0,1,5,2,"swiatek i.","kenin s.",1,1.8,1,1.8,1537.13438122888,1500,1896
"2024-wimbledon-2101","wimbledon",2024,"0:31:56",48,"Iga Swiatek","Sofia Kenin",94,1,2,2,"W","CTL",1,8,6.426,5.173,0,0.998482549317147,0,0,1,5,2,"swiatek i.","kenin s.",1,1.8,1,1.8,1537.13438122888,1500,1916
"2024-wimbledon-2101","wimbledon",2024,"0:32:16",49,"Iga Swiatek","Sofia Kenin",92,1,2,1,"BW","NCTL",2,8,10.163,8.267,1,0.977238239757208,0,0,1,5,2,"swiatek i.","kenin s.",1,1.8,1,1.8,1537.13438122888,1500,1936
"2024-wimbledon-2101","wimbledon",2024,"0:32:44",50,"Iga Swiatek","Sofia Kenin",97,1,2,2,"C","NCTL",1,8,7.242,3.676,0,1.03034901365706,1,0,1,5,2,"swiatek i.","kenin s.",3,1.8,1,5.4,1537.13438122888,1500,1964
"2024-wimbledon-2101","wimbledon",2024,"0:33:03",51,"Iga Swiatek","Sofia Kenin",98,1,2,2,"C","CTL",1,8,6.49,6.259,0,1.04097116843703,0,0,1,5,2,"swiatek i.","kenin s.",1,1.8,1,1.8,1537.13438122888,1500,1983
"2024-wimbledon-2101","wimbledon",2024,"0:33:22",52,"Iga Swiatek","Sofia Kenin",89,2,2,2,"BC","NCTL",3,8,10.85,8.294,1,0.945371775417299,0,0,1,5,3,"swiatek i.","kenin s.",1,1.8,1,1.8,1537.13438122888,1500,2002
"2024-wimbledon-2101","wimbledon",2024,"0:34:14",53,"Iga Swiatek","Sofia Kenin",107,1,1,1,"B","NCTL",3,9,6.501,8.628,1,1.0486879544736,0,0,1,5,3,"swiatek i.","kenin s.",1,1.8,1,1.8,1537.13438122888,1500,2054
"2024-wimbledon-2101","wimbledon",2024,"0:34:38",54,"Iga Swiatek","Sofia Kenin",89,2,1,1,"W","CTL",1,9,4.109,4.315,0,0.87227315839393,0,0,1,5,3,"swiatek i.","kenin s.",1,1.8,1,1.8,1537.13438122888,1500,2078
"2024-wimbledon-2101","wimbledon",2024,"0:35:22",55,"Iga Swiatek","Sofia Kenin",113,1,1,2,"BC","NCTL",8,9,33.721,31.207,0,1.10749288650016,0,0,1,5,3,"swiatek i.","kenin s.",1,1.8,1,1.8,1537.13438122888,1500,2122
"2024-wimbledon-2101","wimbledon",2024,"0:36:02",56,"Iga Swiatek","Sofia Kenin",81,2,1,1,"W","NCTL",1,9,1.773,2.227,0,0.79386658235852,0,0,1,5,3,"swiatek i.","kenin s.",1,1.8,1,1.8,1537.13438122888,1500,2162
"2024-wimbledon-2101","wimbledon",2024,"0:36:45",57,"Iga Swiatek","Sofia Kenin",110,1,1,1,"B","NCTL",3,9,8.326,8.96,1,1.07809042048688,0,0,1,6,3,"swiatek i.","kenin s.",1,1.8,1,1.8,1537.13438122888,1500,2205
"2024-wimbledon-2101","wimbledon",2024,"0:41:00",58,"Iga Swiatek","Sofia Kenin",88,2,2,1,"B","NCTL",2,1,8.2,5.72,0,0.934749620637329,0,0,2,0,0,"swiatek i.","kenin s.",1,1,1.4,1.4,1537.13438122888,1500,2460
"2024-wimbledon-2101","wimbledon",2024,"0:41:35",59,"Iga Swiatek","Sofia Kenin",90,1,2,2,"C","NCTL",1,1,4.763,3.579,0,0.955993930197269,0,0,2,0,0,"swiatek i.","kenin s.",1,1,1.4,1.4,1537.13438122888,1500,2495
"2024-wimbledon-2101","wimbledon",2024,"0:41:54",60,"Iga Swiatek","Sofia Kenin",88,2,2,1,"B","NCTL",10,1,34.461,36.449,0,0.934749620637329,0,0,2,0,0,"swiatek i.","kenin s.",1,1,1.4,1.4,1537.13438122888,1500,2514
"2024-wimbledon-2101","wimbledon",2024,"0:42:46",61,"Iga Swiatek","Sofia Kenin",91,2,2,2,"C","NCTL",7,1,24.91,23.682,1,0.966616084977238,0,0,2,0,0,"swiatek i.","kenin s.",1,1,1.4,1.4,1537.13438122888,1500,2566
"2024-wimbledon-2101","wimbledon",2024,"0:43:33",62,"Iga Swiatek","Sofia Kenin",91,1,2,2,"W","CTL",1,1,5.131,4.022,0,0.966616084977238,0,0,2,0,0,"swiatek i.","kenin s.",1,1,1.4,1.4,1537.13438122888,1500,2613
"2024-wimbledon-2101","wimbledon",2024,"0:43:54",63,"Iga Swiatek","Sofia Kenin",97,1,2,2,"W","CTL",3,1,12.264,12.851,0,1.03034901365706,0,0,2,0,1,"swiatek i.","kenin s.",1,1,1.4,1.4,1537.13438122888,1500,2634
"2024-wimbledon-2101","wimbledon",2024,"0:45:03",64,"Iga Swiatek","Sofia Kenin",97,1,1,1,"W","CTL",1,2,3.163,3.891,1,0.950679734429339,0,0,2,0,1,"swiatek i.","kenin s.",1,1,1.4,1.4,1537.13438122888,1500,2703
"2024-wimbledon-2101","wimbledon",2024,"0:45:24",65,"Iga Swiatek","Sofia Kenin",101,1,1,1,"C","NCTL",5,2,11.995,15.457,1,0.989883022447044,0,0,2,0,1,"swiatek i.","kenin s.",1,1,1.4,1.4,1537.13438122888,1500,2724
"2024-wimbledon-2101","wimbledon",2024,"0:45:52",66,"Iga Swiatek","Sofia Kenin",107,1,1,1,"C","NCTL",1,2,0.863,0.878,1,1.0486879544736,0,0,2,0,1,"swiatek i.","kenin s.",1,1,1.4,1.4,1537.13438122888,1500,2752
"2024-wimbledon-2101","wimbledon",2024,"0:46:19",67,"Iga Swiatek","Sofia Kenin",111,1,1,1,"W","CTL",1,2,6.446,6.244,1,1.08789124249131,0,0,2,1,1,"swiatek i.","kenin s.",1,1,1.4,1.4,1537.13438122888,1500,2779
"2024-wimbledon-2101","wimbledon",2024,"0:46:51",68,"Iga Swiatek","Sofia Kenin",96,1,2,2,"BC","CTL",1,3,2.969,2.542,0,1.01972685887709,0,0,2,1,1,"swiatek i.","kenin s.",1,1,1.4,1.4,1537.13438122888,1500,2811
"2024-wimbledon-2101","wimbledon",2024,"0:47:08",69,"Iga Swiatek","Sofia Kenin",88,2,2,2,"BW","CTL",3,3,10.33,9.911,1,0.934749620637329,0,0,2,1,1,"swiatek i.","kenin s.",1,1,1.4,1.4,1537.13438122888,1500,2828
"2024-wimbledon-2101","wimbledon",2024,"0:47:46",70,"Iga Swiatek","Sofia Kenin",92,1,2,2,"W","CTL",1,3,2.889,1.994,0,0.977238239757208,0,0,2,1,1,"swiatek i.","kenin s.",1,1,1.4,1.4,1537.13438122888,1500,2866
"2024-wimbledon-2101","wimbledon",2024,"0:48:04",71,"Iga Swiatek","Sofia Kenin",96,1,2,2,"W","CTL",1,3,3.167,3.614,0,1.01972685887709,0,0,2,1,2,"swiatek i.","kenin s.",1,1,1.4,1.4,1537.13438122888,1500,2884
"2024-wimbledon-2101","wimbledon",2024,"0:49:44",72,"Iga Swiatek","Sofia Kenin",89,1,1,1,"W","CTL",3,4,14.963,14.577,1,0.87227315839393,0,0,2,1,2,"swiatek i.","kenin s.",1,1,1.4,1.4,1537.13438122888,1500,2984
"2024-wimbledon-2101","wimbledon",2024,"0:50:26",73,"Iga Swiatek","Sofia Kenin",109,1,1,1,"BW","NCTL",5,4,22.197,18.847,1,1.06828959848245,0,0,2,1,2,"swiatek i.","kenin s.",1,1,1.4,1.4,1537.13438122888,1500,3026
"2024-wimbledon-2101","wimbledon",2024,"0:51:08",74,"Iga Swiatek","Sofia Kenin",88,1,1,1,"W","CTL",1,4,1.026,1.168,1,0.862472336389504,0,0,2,1,2,"swiatek i.","kenin s.",1,1,1.4,1.4,1537.13438122888,1500,3068
"2024-wimbledon-2101","wimbledon",2024,"0:51:29",75,"Iga Swiatek","Sofia Kenin",89,2,1,1,"W","NCTL",1,4,3.348,4.372,0,0.87227315839393,0,0,2,2,2,"swiatek i.","kenin s.",1,1,1.4,1.4,1537.13438122888,1500,3089
"2024-wimbledon-2101","wimbledon",2024,"0:52:18",76,"Iga Swiatek","Sofia Kenin",94,1,2,1,"C","NCTL",6,5,21.332,19.434,1,0.998482549317147,0,0,2,2,2,"swiatek i.","kenin s.",1,1,1.4,1.4,1537.13438122888,1500,3138
"2024-wimbledon-2101","wimbledon",2024,"0:52:49",77,"Iga Swiatek","Sofia Kenin",95,1,2,2,"W","NCTL",7,5,22.744,18.637,0,1.00910470409712,0,0,2,2,2,"swiatek i.","kenin s.",1,1,1.4,1.4,1537.13438122888,1500,3169
"2024-wimbledon-2101","wimbledon",2024,"0:53:33",78,"Iga Swiatek","Sofia Kenin",94,1,2,2,"BW","CTL",1,5,6.247,6.725,0,0.998482549317147,0,0,2,2,2,"swiatek i.","kenin s.",1,1,1.4,1.4,1537.13438122888,1500,3213
"2024-wimbledon-2101","wimbledon",2024,"0:53:54",79,"Iga Swiatek","Sofia Kenin",93,1,2,2,"C","CTL",3,5,14.193,9.204,0,0.987860394537178,0,0,2,2,2,"swiatek i.","kenin s.",1,1,1.4,1.4,1537.13438122888,1500,3234
"2024-wimbledon-2101","wimbledon",2024,"0:54:18",80,"Iga Swiatek","Sofia Kenin",95,1,2,2,"C","NCTL",5,5,15.52,12.636,0,1.00910470409712,0,0,2,2,3,"swiatek i.","kenin s.",1,1,1.4,1.4,1537.13438122888,1500,3258
"2024-wimbledon-2101","wimbledon",2024,"0:56:06",81,"Iga Swiatek","Sofia Kenin",94,1,1,1,"W","CTL",1,6,3.763,4.194,1,0.921277268416061,0,0,2,2,3,"swiatek i.","kenin s.",1,1,1.4,1.4,1537.13438122888,1500,3366
"2024-wimbledon-2101","wimbledon",2024,"0:56:27",82,"Iga Swiatek","Sofia Kenin",84,2,1,1,"W","CTL",3,6,9.613,10.345,0,0.823269048371799,0,0,2,2,3,"swiatek i.","kenin s.",1,1,1.4,1.4,1537.13438122888,1500,3387
"2024-wimbledon-2101","wimbledon",2024,"0:57:44",84,"Iga Swiatek","Sofia Kenin",89,2,1,2,"B","NCTL",2,6,7.381,8.109,1,0.87227315839393,0,0,2,2,3,"swiatek i.","kenin s.",1,1,1.4,1.4,1537.13438122888,1500,3464
"2024-wimbledon-2101","wimbledon",2024,"0:58:27",85,"Iga Swiatek","Sofia Kenin",93,2,1,1,"BC","NCTL",7,6,19.259,19.69,0,0.911476446411634,0,0,2,2,3,"swiatek i.","kenin s.",1,1,1.4,1.4,1537.13438122888,1500,3507
"2024-wimbledon-2101","wimbledon",2024,"0:59:39",86,"Iga Swiatek","Sofia Kenin",85,2,1,1,"W","NCTL",1,6,1.758,2.847,0,0.833069870376225,0,0,2,3,3,"swiatek i.","kenin s.",1,1,1.4,1.4,1537.13438122888,1500,3579
"2024-wimbledon-2101","wimbledon",2024,"1:00:42",87,"Iga Swiatek","Sofia Kenin",94,1,2,1,"W","CTL",2,7,7.516,6.187,1,0.998482549317147,0,0,2,3,3,"swiatek i.","kenin s.",1,1,1.4,1.4,1537.13438122888,1500,3642
"2024-wimbledon-2101","wimbledon",2024,"1:01:03",88,"Iga Swiatek","Sofia Kenin",94,1,2,2,"W","CTL",3,7,16.269,14.341,0,0.998482549317147,0,0,2,3,3,"swiatek i.","kenin s.",1,1,1.4,1.4,1537.13438122888,1500,3663
"2024-wimbledon-2101","wimbledon",2024,"1:01:26",89,"Iga Swiatek","Sofia Kenin",89,2,2,1,"BW","NCTL",2,7,7.375,7.978,0,0.945371775417299,0,0,2,3,3,"swiatek i.","kenin s.",1,1,1.4,1.4,1537.13438122888,1500,3686
"2024-wimbledon-2101","wimbledon",2024,"1:02:12",90,"Iga Swiatek","Sofia Kenin",95,1,2,2,"BC","NCTL",5,7,23.07,15.554,0,1.00910470409712,0,0,2,3,3,"swiatek i.","kenin s.",1,1,1.4,1.4,1537.13438122888,1500,3732
"2024-wimbledon-2101","wimbledon",2024,"1:02:40",91,"Iga Swiatek","Sofia Kenin",89,2,2,1,"BC","CTL",6,7,14.46,19.408,0,0.945371775417299,0,0,2,3,3,"swiatek i.","kenin s.",1,1,1.4,1.4,1537.13438122888,1500,3760
"2024-wimbledon-2101","wimbledon",2024,"1:03:30",92,"Iga Swiatek","Sofia Kenin",96,1,2,2,"W","CTL",1,7,6.789,5.206,0,1.01972685887709,1,0,2,3,3,"swiatek i.","kenin s.",3,1,1.4,4.2,1537.13438122888,1500,3810
"2024-wimbledon-2101","wimbledon",2024,"1:03:52",93,"Iga Swiatek","Sofia Kenin",92,1,2,2,"BW","NCTL",7,7,57.042,21.345,0,0.977238239757208,0,0,2,3,3,"swiatek i.","kenin s.",1,1,1.4,1.4,1537.13438122888,1500,3832
"2024-wimbledon-2101","wimbledon",2024,"1:04:23",94,"Iga Swiatek","Sofia Kenin",95,1,2,1,"BC","CTL",4,7,11.94,14.551,1,1.00910470409712,0,0,2,3,3,"swiatek i.","kenin s.",1,1,1.4,1.4,1537.13438122888,1500,3863
"2024-wimbledon-2101","wimbledon",2024,"1:05:02",95,"Iga Swiatek","Sofia Kenin",96,1,2,1,"C","NCTL",4,7,15.22,15.071,1,1.01972685887709,0,0,2,3,3,"swiatek i.","kenin s.",1,1,1.4,1.4,1537.13438122888,1500,3902
"2024-wimbledon-2101","wimbledon",2024,"1:05:28",96,"Iga Swiatek","Sofia Kenin",96,1,2,1,"C","CTL",2,7,12.42,6.183,1,1.01972685887709,1,0,2,4,3,"swiatek i.","kenin s.",3,1,1.4,4.2,1537.13438122888,1500,3928
"2024-wimbledon-2101","wimbledon",2024,"1:07:15",97,"Iga Swiatek","Sofia Kenin",85,2,1,2,"C","NCTL",10,8,26.366,32.458,1,0.833069870376225,0,0,2,4,3,"swiatek i.","kenin s.",1,1,1.4,1.4,1537.13438122888,1500,4035
"2024-wimbledon-2101","wimbledon",2024,"1:08:07",98,"Iga Swiatek","Sofia Kenin",112,1,1,1,"BW","NCTL",1,8,3.326,3.874,1,1.09769206449573,0,0,2,4,3,"swiatek i.","kenin s.",1,1,1.4,1.4,1537.13438122888,1500,4087
"2024-wimbledon-2101","wimbledon",2024,"1:08:31",99,"Iga Swiatek","Sofia Kenin",90,2,1,1,"W","NCTL",1,8,3.713,3.846,0,0.882073980398356,0,0,2,4,3,"swiatek i.","kenin s.",1,1,1.4,1.4,1537.13438122888,1500,4111
"2024-wimbledon-2101","wimbledon",2024,"1:10:08",100,"Iga Swiatek","Sofia Kenin",96,1,1,2,"C","NCTL",4,8,9.437,10.955,0,0.940878912424913,0,0,2,4,3,"swiatek i.","kenin s.",1,1,1.4,1.4,1537.13438122888,1500,4208
"2024-wimbledon-2101","wimbledon",2024,"1:10:33",101,"Iga Swiatek","Sofia Kenin",86,2,1,2,"BC","NCTL",2,8,4.705,5.859,1,0.842870692380651,0,0,2,4,3,"swiatek i.","kenin s.",1,1,1.4,1.4,1537.13438122888,1500,4233
"2024-wimbledon-2101","wimbledon",2024,"1:11:34",102,"Iga Swiatek","Sofia Kenin",86,2,1,1,"BW","NCTL",3,8,10.014,12.162,0,0.842870692380651,0,1,2,4,3,"swiatek i.","kenin s.",3,1,1.4,4.2,1537.13438122888,1500,4294
"2024-wimbledon-2101","wimbledon",2024,"1:12:16",103,"Iga Swiatek","Sofia Kenin",95,2,1,1,"B","NCTL",3,8,24.432,17.134,0,0.931078090420487,0,0,2,4,3,"swiatek i.","kenin s.",1,1,1.4,1.4,1537.13438122888,1500,4336
"2024-wimbledon-2101","wimbledon",2024,"1:13:14",104,"Iga Swiatek","Sofia Kenin",111,1,1,1,"BW","NCTL",5,8,14.987,16.47,1,1.08789124249131,0,0,2,5,3,"swiatek i.","kenin s.",1,1.8,1.4,2.52,1537.13438122888,1500,4394
"2024-wimbledon-2101","wimbledon",2024,"1:14:07",105,"Iga Swiatek","Sofia Kenin",90,2,2,2,"C","NCTL",5,9,10.926,11.345,1,0.955993930197269,0,0,2,5,3,"swiatek i.","kenin s.",1,1.8,1.4,2.52,1537.13438122888,1500,4447
"2024-wimbledon-2101","wimbledon",2024,"1:14:44",106,"Iga Swiatek","Sofia Kenin",95,1,2,2,"BW","NCTL",1,9,3.066,3.404,0,1.00910470409712,0,0,2,5,3,"swiatek i.","kenin s.",1,1.8,1.4,2.52,1537.13438122888,1500,4484
"2024-wimbledon-2101","wimbledon",2024,"1:15:01",107,"Iga Swiatek","Sofia Kenin",94,1,2,2,"C","NCTL",5,9,11.869,11.626,0,0.998482549317147,0,0,2,5,3,"swiatek i.","kenin s.",1,1.8,1.4,2.52,1537.13438122888,1500,4501
"2024-wimbledon-2101","wimbledon",2024,"1:15:24",108,"Iga Swiatek","Sofia Kenin",95,1,2,1,"C","NCTL",4,9,14.028,14.071,1,1.00910470409712,0,0,2,5,3,"swiatek i.","kenin s.",1,1.8,1.4,2.52,1537.13438122888,1500,4524
"2024-wimbledon-2101","wimbledon",2024,"1:15:49",109,"Iga Swiatek","Sofia Kenin",91,1,2,2,"BW","NCTL",5,9,27.302,17.458,0,0.966616084977238,0,0,2,5,4,"swiatek i.","kenin s.",1,1.8,1.4,2.52,1537.13438122888,1500,4549
"2024-wimbledon-2101","wimbledon",2024,"1:17:39",110,"Iga Swiatek","Sofia Kenin",86,1,1,1,"W","CTL",1,10,5.604,6.068,1,0.842870692380651,0,0,2,5,4,"swiatek i.","kenin s.",1,1.8,1.4,2.52,1537.13438122888,1500,4659
"2024-wimbledon-2101","wimbledon",2024,"1:18:04",111,"Iga Swiatek","Sofia Kenin",95,1,1,1,"C","NCTL",1,10,1.063,1.218,1,0.931078090420487,0,0,2,5,4,"swiatek i.","kenin s.",1,1.8,1.4,2.52,1537.13438122888,1500,4684
"2024-wimbledon-2101","wimbledon",2024,"1:18:23",112,"Iga Swiatek","Sofia Kenin",91,1,1,1,"W","CTL",1,10,1.012,1.167,1,0.891874802402782,0,0,2,5,4,"swiatek i.","kenin s.",1,1.8,1.4,2.52,1537.13438122888,1500,4703
"2024-wimbledon-2101","wimbledon",2024,"1:18:43",113,"Iga Swiatek","Sofia Kenin",103,1,1,1,"C","CTL",1,10,5.692,5.863,1,1.0094846664559,0,0,2,6,4,"swiatek i.","kenin s.",1,1.8,1.4,2.52,1537.13438122888,1500,4723
"2024-wimbledon-2108","wimbledon",2024,"0:00:00",1,"Ajla Tomljanovic","Jelena Ostapenko",103,1,2,2,"C","NCTL",1,1,5.896,3.875,0,1.00295072292712,0,0,1,0,0,"tomljanovic a.","ostapenko j.",1,1,1,1,1500,1570.31015071616,0
"2024-wimbledon-2108","wimbledon",2024,"0:00:16",2,"Ajla Tomljanovic","Jelena Ostapenko",103,1,2,2,"W","CTL",1,1,0.915,0.965,0,1.00295072292712,0,0,1,0,0,"tomljanovic a.","ostapenko j.",1,1,1,1,1500,1570.31015071616,16
"2024-wimbledon-2108","wimbledon",2024,"0:00:34",3,"Ajla Tomljanovic","Jelena Ostapenko",107,1,2,1,"C","NCTL",2,1,9.359,10.014,1,1.04190026556506,0,0,1,0,0,"tomljanovic a.","ostapenko j.",1,1,1,1,1500,1570.31015071616,34
"2024-wimbledon-2108","wimbledon",2024,"0:00:56",4,"Ajla Tomljanovic","Jelena Ostapenko",105,1,2,2,"C","NCTL",1,1,0.486,0.855,0,1.02242549424609,0,0,1,0,0,"tomljanovic a.","ostapenko j.",1,1,1,1,1500,1570.31015071616,56
"2024-wimbledon-2108","wimbledon",2024,"0:01:19",5,"Ajla Tomljanovic","Jelena Ostapenko",90,2,2,2,"W","CTL",1,1,1.154,1.038,1,0.876364709353792,0,0,1,0,1,"tomljanovic a.","ostapenko j.",1,1,1,1,1500,1570.31015071616,79
"2024-wimbledon-2108","wimbledon",2024,"0:02:16",6,"Ajla Tomljanovic","Jelena Ostapenko",104,1,1,1,"BC","NCTL",3,2,13.066,10.496,1,1.03094022228898,0,0,1,0,1,"tomljanovic a.","ostapenko j.",1,1,1,1,1500,1570.31015071616,136
"2024-wimbledon-2108","wimbledon",2024,"0:02:38",7,"Ajla Tomljanovic","Jelena Ostapenko",106,1,1,2,"C","NCTL",4,2,14.443,11.313,0,1.05076599579453,0,0,1,0,1,"tomljanovic a.","ostapenko j.",1,1,1,1,1500,1570.31015071616,158
"2024-wimbledon-2108","wimbledon",2024,"0:03:05",8,"Ajla Tomljanovic","Jelena Ostapenko",107,1,1,1,"BC","NCTL",3,2,12.449,10.973,1,1.06067888254731,0,0,1,0,1,"tomljanovic a.","ostapenko j.",1,1,1,1,1500,1570.31015071616,185
"2024-wimbledon-2108","wimbledon",2024,"0:03:34",9,"Ajla Tomljanovic","Jelena Ostapenko",83,2,1,2,"B","CTL",4,2,11.131,10.437,1,0.822769600480625,0,0,1,0,1,"tomljanovic a.","ostapenko j.",1,1,1,1,1500,1570.31015071616,214
"2024-wimbledon-2108","wimbledon",2024,"0:04:17",10,"Ajla Tomljanovic","Jelena Ostapenko",108,1,1,1,"C","CTL",3,2,8.019,10.138,1,1.07059176930009,0,0,1,0,1,"tomljanovic a.","ostapenko j.",1,1,1,1,1500,1570.31015071616,257
"2024-wimbledon-2108","wimbledon",2024,"0:04:45",11,"Ajla Tomljanovic","Jelena Ostapenko",105,1,1,2,"C","NCTL",2,2,7.684,6.916,0,1.04085310904175,0,0,1,0,1,"tomljanovic a.","ostapenko j.",1,1,1,1,1500,1570.31015071616,285
"2024-wimbledon-2108","wimbledon",2024,"0:05:07",12,"Ajla Tomljanovic","Jelena Ostapenko",106,1,1,1,"BC","NCTL",1,2,3.287,5.758,1,1.05076599579453,0,0,1,0,1,"tomljanovic a.","ostapenko j.",1,1,1,1,1500,1570.31015071616,307
"2024-wimbledon-2108","wimbledon",2024,"0:05:29",13,"Ajla Tomljanovic","Jelena Ostapenko",97,2,1,1,"BC","NCTL",3,2,7.99,10.536,0,0.961550015019525,0,0,1,1,1,"tomljanovic a.","ostapenko j.",1,1,1,1,1500,1570.31015071616,329
"2024-wimbledon-2108","wimbledon",2024,"0:06:42",15,"Ajla Tomljanovic","Jelena Ostapenko",97,2,2,2,"BC","NCTL",1,3,2.745,3.83,1,0.944526408970198,0,0,1,1,1,"tomljanovic a.","ostapenko j.",1,1,1,1,1500,1570.31015071616,402
"2024-wimbledon-2108","wimbledon",2024,"0:07:09",16,"Ajla Tomljanovic","Jelena Ostapenko",87,1,2,2,"","",1,3,5.225,5.055,0,0.847152552375332,0,0,1,1,1,"tomljanovic a.","ostapenko j.",1,1,1,1,1500,1570.31015071616,429
"2024-wimbledon-2108","wimbledon",2024,"0:07:57",17,"Ajla Tomljanovic","Jelena Ostapenko",89,2,2,2,"BW","NCTL",1,3,2.381,2.895,1,0.866627323694305,0,0,1,1,1,"tomljanovic a.","ostapenko j.",1,1,1,1,1500,1570.31015071616,477
"2024-wimbledon-2108","wimbledon",2024,"0:08:37",18,"Ajla Tomljanovic","Jelena Ostapenko",105,1,2,2,"C","NCTL",1,3,0.987,1.054,0,1.02242549424609,0,0,1,1,2,"tomljanovic a.","ostapenko j.",1,1,1,1,1500,1570.31015071616,517
"2024-wimbledon-2108","wimbledon",2024,"0:10:40",19,"Ajla Tomljanovic","Jelena Ostapenko",106,1,1,2,"C","NCTL",2,4,9.46,8.028,0,1.05076599579453,0,0,1,1,2,"tomljanovic a.","ostapenko j.",1,1,1,1,1500,1570.31015071616,640
"2024-wimbledon-2108","wimbledon",2024,"0:11:01",20,"Ajla Tomljanovic","Jelena Ostapenko",99,1,1,1,"BW","NCTL",1,4,3.496,4.134,1,0.981375788525083,0,0,1,1,2,"tomljanovic a.","ostapenko j.",1,1,1,1,1500,1570.31015071616,661
"2024-wimbledon-2108","wimbledon",2024,"0:11:21",21,"Ajla Tomljanovic","Jelena Ostapenko",103,1,1,2,"BC","NCTL",4,4,16.856,22.677,0,1.0210273355362,0,0,1,1,2,"tomljanovic a.","ostapenko j.",1,1,1,1,1500,1570.31015071616,681
"2024-wimbledon-2108","wimbledon",2024,"0:11:49",22,"Ajla Tomljanovic","Jelena Ostapenko",88,2,1,2,"BW","NCTL",2,4,6.287,5.758,1,0.872334034244518,0,0,1,1,2,"tomljanovic a.","ostapenko j.",1,1,1,1,1500,1570.31015071616,709
"2024-wimbledon-2108","wimbledon",2024,"0:12:41",23,"Ajla Tomljanovic","Jelena Ostapenko",98,1,1,2,"W","CTL",4,4,12.982,16.571,0,0.971462901772304,0,1,1,1,3,"tomljanovic a.","ostapenko j.",3,1,1,3,1500,1570.31015071616,761
"2024-wimbledon-2108","wimbledon",2024,"0:13:17",24,"Ajla Tomljanovic","Jelena Ostapenko",96,1,2,2,"W","CTL",1,5,1.053,1.095,0,0.934789023310711,0,0,1,1,3,"tomljanovic a.","ostapenko j.",1,1,1,1,1500,1570.31015071616,797
"2024-wimbledon-2108","wimbledon",2024,"0:13:36",25,"Ajla Tomljanovic","Jelena Ostapenko",96,2,2,1,"C","NCTL",4,5,10.803,9.552,0,0.934789023310711,0,0,1,1,3,"tomljanovic a.","ostapenko j.",1,1,1,1,1500,1570.31015071616,816
"2024-wimbledon-2108","wimbledon",2024,"0:14:33",26,"Ajla Tomljanovic","Jelena Ostapenko",106,1,2,1,"BC","CTL",2,5,8.46,6.739,1,1.03216287990558,0,0,1,1,3,"tomljanovic a.","ostapenko j.",1,1,1,1,1500,1570.31015071616,873
"2024-wimbledon-2108","wimbledon",2024,"0:14:55",27,"Ajla Tomljanovic","Jelena Ostapenko",109,1,2,2,"BC","CTL",3,5,8.037,8.895,0,1.06137503688404,0,0,1,1,3,"tomljanovic a.","ostapenko j.",1,1,1,1,1500,1570.31015071616,895
"2024-wimbledon-2108","wimbledon",2024,"0:15:25",28,"Ajla Tomljanovic","Jelena Ostapenko",108,1,2,2,"BC","NCTL",3,5,8.097,7.537,0,1.05163765122455,0,0,1,1,3,"tomljanovic a.","ostapenko j.",1,1,1,1,1500,1570.31015071616,925
"2024-wimbledon-2108","wimbledon",2024,"0:15:46",29,"Ajla Tomljanovic","Jelena Ostapenko",100,1,2,1,"BW","NCTL",2,5,10.045,11.765,1,0.973738565948657,0,0,1,1,3,"tomljanovic a.","ostapenko j.",1,1,1,1,1500,1570.31015071616,946
"2024-wimbledon-2108","wimbledon",2024,"0:16:26",30,"Ajla Tomljanovic","Jelena Ostapenko",98,1,2,2,"BW","NCTL",1,5,3.818,2.666,0,0.954263794629684,0,0,1,1,3,"tomljanovic a.","ostapenko j.",1,1,1,1,1500,1570.31015071616,986
"2024-wimbledon-2108","wimbledon",2024,"0:16:47",31,"Ajla Tomljanovic","Jelena Ostapenko",87,2,2,1,"BW","NCTL",2,5,3.747,3.969,0,0.847152552375332,0,0,1,1,3,"tomljanovic a.","ostapenko j.",1,1,1,1,1500,1570.31015071616,1007
"2024-wimbledon-2108","wimbledon",2024,"0:17:22",32,"Ajla Tomljanovic","Jelena Ostapenko",96,2,2,1,"W","CTL",6,5,19.845,16.823,0,0.934789023310711,0,0,1,1,3,"tomljanovic a.","ostapenko j.",1,1,1,1,1500,1570.31015071616,1042
"2024-wimbledon-2108","wimbledon",2024,"0:18:12",33,"Ajla Tomljanovic","Jelena Ostapenko",96,2,2,2,"BC","NCTL",3,5,13.914,10.995,1,0.934789023310711,1,0,1,1,3,"tomljanovic a.","ostapenko j.",3,1,1,3,1500,1570.31015071616,1092
"2024-wimbledon-2108","wimbledon",2024,"0:19:11",34,"Ajla Tomljanovic","Jelena Ostapenko",92,2,2,2,"W","CTL",3,5,10.125,6.684,1,0.895839480672765,0,0,1,1,3,"tomljanovic a.","ostapenko j.",1,1,1,1,1500,1570.31015071616,1151
"2024-wimbledon-2108","wimbledon",2024,"0:19:54",35,"Ajla Tomljanovic","Jelena Ostapenko",106,1,2,2,"C","NCTL",1,5,1.069,1.063,0,1.03216287990558,0,0,1,1,4,"tomljanovic a.","ostapenko j.",1,1,1,1,1500,1570.31015071616,1194
"2024-wimbledon-2108","wimbledon",2024,"0:21:35",36,"Ajla Tomljanovic","Jelena Ostapenko",94,2,1,2,"BC","NCTL",2,6,4.722,5.26,1,0.93181135476119,0,0,1,1,4,"tomljanovic a.","ostapenko j.",1,1,1,1,1500,1570.31015071616,1295
"2024-wimbledon-2108","wimbledon",2024,"0:22:10",37,"Ajla Tomljanovic","Jelena Ostapenko",103,1,1,1,"BW","CTL",1,6,4.041,3.173,1,1.0210273355362,0,0,1,1,4,"tomljanovic a.","ostapenko j.",1,1,1,1,1500,1570.31015071616,1330
"2024-wimbledon-2108","wimbledon",2024,"0:22:31",38,"Ajla Tomljanovic","Jelena Ostapenko",92,2,1,2,"BW","NCTL",4,6,19.672,16.688,1,0.911985581255632,0,0,1,1,4,"tomljanovic a.","ostapenko j.",1,1,1,1,1500,1570.31015071616,1351
"2024-wimbledon-2108","wimbledon",2024,"0:23:22",39,"Ajla Tomljanovic","Jelena Ostapenko",102,1,1,1,"W","NCTL",1,6,6.565,10.01,1,1.01111444878342,0,0,1,1,4,"tomljanovic a.","ostapenko j.",1,1,1,1,1500,1570.31015071616,1402
"2024-wimbledon-2108","wimbledon",2024,"0:24:19",41,"Ajla Tomljanovic","Jelena Ostapenko",88,2,1,1,"C","NCTL",1,6,5.443,5.797,0,0.872334034244518,0,1,1,1,4,"tomljanovic a.","ostapenko j.",3,1,1,3,1500,1570.31015071616,1459
"2024-wimbledon-2108","wimbledon",2024,"0:25:39",42,"Ajla Tomljanovic","Jelena Ostapenko",108,1,1,2,"B","CTL",4,6,16.251,13.167,0,1.07059176930009,0,0,1,1,4,"tomljanovic a.","ostapenko j.",1,1,1,1,1500,1570.31015071616,1539
"2024-wimbledon-2108","wimbledon",2024,"0:26:07",43,"Ajla Tomljanovic","Jelena Ostapenko",89,2,1,2,"BC","CTL",2,6,6.074,6.426,1,0.882246920997297,0,1,1,1,5,"tomljanovic a.","ostapenko j.",3,1.8,1,5.4,1500,1570.31015071616,1567
"2024-wimbledon-2108","wimbledon",2024,"0:26:55",44,"Ajla Tomljanovic","Jelena Ostapenko",96,2,2,2,"B","NCTL",1,7,2.864,3.262,1,0.934789023310711,0,0,1,1,5,"tomljanovic a.","ostapenko j.",1,1.8,1,1.8,1500,1570.31015071616,1615
"2024-wimbledon-2108","wimbledon",2024,"0:27:23",45,"Ajla Tomljanovic","Jelena Ostapenko",110,1,2,2,"BC","NCTL",5,7,22.558,16.762,0,1.07111242254352,0,0,1,1,5,"tomljanovic a.","ostapenko j.",1,1.8,1,1.8,1500,1570.31015071616,1643
"2024-wimbledon-2108","wimbledon",2024,"0:28:27",47,"Ajla Tomljanovic","Jelena Ostapenko",102,1,2,2,"W","CTL",1,7,5.298,5.992,0,0.993213337267631,0,0,1,1,5,"tomljanovic a.","ostapenko j.",1,1.8,1,1.8,1500,1570.31015071616,1707
"2024-wimbledon-2108","wimbledon",2024,"0:28:47",48,"Ajla Tomljanovic","Jelena Ostapenko",95,2,2,1,"BW","NCTL",4,7,10.527,11.215,0,0.925051637651224,0,0,1,1,5,"tomljanovic a.","ostapenko j.",1,1.8,1,1.8,1500,1570.31015071616,1727
"2024-wimbledon-2108","wimbledon",2024,"0:29:30",49,"Ajla Tomljanovic","Jelena Ostapenko",107,1,2,2,"C","NCTL",1,7,1.233,1.065,0,1.04190026556506,0,0,1,1,6,"tomljanovic a.","ostapenko j.",1,1.8,1,1.8,1500,1570.31015071616,1770
"2024-wimbledon-2108","wimbledon",2024,"0:31:52",50,"Ajla Tomljanovic","Jelena Ostapenko",89,1,1,1,"C","NCTL",1,1,4.836,5.101,1,0.882246920997297,0,0,2,0,0,"tomljanovic a.","ostapenko j.",1,1,1.4,1.4,1500,1570.31015071616,1912
"2024-wimbledon-2108","wimbledon",2024,"0:32:10",51,"Ajla Tomljanovic","Jelena Ostapenko",104,1,1,1,"BW","NCTL",1,1,5.286,3.833,1,1.03094022228898,0,0,2,0,0,"tomljanovic a.","ostapenko j.",1,1,1.4,1.4,1500,1570.31015071616,1930
"2024-wimbledon-2108","wimbledon",2024,"0:32:31",52,"Ajla Tomljanovic","Jelena Ostapenko",93,1,1,2,"BW","NCTL",4,1,11.783,13.066,0,0.921898468008411,0,0,2,0,0,"tomljanovic a.","ostapenko j.",1,1,1.4,1.4,1500,1570.31015071616,1951
"2024-wimbledon-2108","wimbledon",2024,"0:33:35",54,"Ajla Tomljanovic","Jelena Ostapenko",101,1,1,1,"BC","NCTL",3,1,7.34,9.048,1,1.00120156203064,0,0,2,0,0,"tomljanovic a.","ostapenko j.",1,1,1.4,1.4,1500,1570.31015071616,2015
"2024-wimbledon-2108","wimbledon",2024,"0:34:01",55,"Ajla Tomljanovic","Jelena Ostapenko",99,1,1,1,"C","CTL",1,1,10.028,6.528,1,0.981375788525083,0,0,2,1,0,"tomljanovic a.","ostapenko j.",1,1,1.4,1.4,1500,1570.31015071616,2041
"2024-wimbledon-2108","wimbledon",2024,"0:35:04",56,"Ajla Tomljanovic","Jelena Ostapenko",106,1,2,2,"C","NCTL",1,2,6.145,7.261,0,1.03216287990558,0,0,2,1,0,"tomljanovic a.","ostapenko j.",1,1,1.4,1.4,1500,1570.31015071616,2104
"2024-wimbledon-2108","wimbledon",2024,"0:35:24",57,"Ajla Tomljanovic","Jelena Ostapenko",103,1,2,2,"BW","NCTL",1,2,3.762,3.508,0,1.00295072292712,0,0,2,1,0,"tomljanovic a.","ostapenko j.",1,1,1.4,1.4,1500,1570.31015071616,2124
"2024-wimbledon-2108","wimbledon",2024,"0:36:30",59,"Ajla Tomljanovic","Jelena Ostapenko",105,1,2,2,"C","NCTL",3,2,10.539,7.207,0,1.02242549424609,0,0,2,1,0,"tomljanovic a.","ostapenko j.",1,1,1.4,1.4,1500,1570.31015071616,2190
"2024-wimbledon-2108","wimbledon",2024,"0:36:52",60,"Ajla Tomljanovic","Jelena Ostapenko",90,2,2,2,"W","CTL",1,2,4.862,3.552,1,0.876364709353792,0,0,2,1,1,"tomljanovic a.","ostapenko j.",1,1,1.4,1.4,1500,1570.31015071616,2212
"2024-wimbledon-2108","wimbledon",2024,"0:37:36",61,"Ajla Tomljanovic","Jelena Ostapenko",96,1,1,2,"BW","NCTL",4,3,11.156,11.72,0,0.951637128266747,0,0,2,1,1,"tomljanovic a.","ostapenko j.",1,1,1.4,1.4,1500,1570.31015071616,2256
"2024-wimbledon-2108","wimbledon",2024,"0:38:05",62,"Ajla Tomljanovic","Jelena Ostapenko",93,2,1,2,"BC","NCTL",2,3,8.369,10.104,1,0.921898468008411,0,0,2,1,1,"tomljanovic a.","ostapenko j.",1,1,1.4,1.4,1500,1570.31015071616,2285
"2024-wimbledon-2108","wimbledon",2024,"0:38:45",63,"Ajla Tomljanovic","Jelena Ostapenko",100,2,1,2,"BC","NCTL",2,3,4.286,7.121,1,0.991288675277861,0,0,2,1,1,"tomljanovic a.","ostapenko j.",1,1,1.4,1.4,1500,1570.31015071616,2325
"2024-wimbledon-2108","wimbledon",2024,"0:39:20",64,"Ajla Tomljanovic","Jelena Ostapenko",105,1,1,1,"BW","CTL",1,3,3.478,4.482,1,1.04085310904175,0,1,2,1,1,"tomljanovic a.","ostapenko j.",3,1,1.4,4.2,1500,1570.31015071616,2360
"2024-wimbledon-2108","wimbledon",2024,"0:39:44",65,"Ajla Tomljanovic","Jelena Ostapenko",86,2,1,2,"BW","NCTL",4,3,13.921,14.304,1,0.852508260738961,0,1,2,1,2,"tomljanovic a.","ostapenko j.",3,1,1.4,4.2,1500,1570.31015071616,2384
"2024-wimbledon-2108","wimbledon",2024,"0:41:36",66,"Ajla Tomljanovic","Jelena Ostapenko",92,2,2,2,"BW","NCTL",1,4,3.619,3.065,1,0.895839480672765,0,0,2,1,2,"tomljanovic a.","ostapenko j.",1,1,1.4,1.4,1500,1570.31015071616,2496
"2024-wimbledon-2108","wimbledon",2024,"0:42:10",67,"Ajla Tomljanovic","Jelena Ostapenko",103,1,2,2,"W","CTL",1,4,6.899,6.25,0,1.00295072292712,0,0,2,1,2,"tomljanovic a.","ostapenko j.",1,1,1.4,1.4,1500,1570.31015071616,2530
"2024-wimbledon-2108","wimbledon",2024,"0:42:33",68,"Ajla Tomljanovic","Jelena Ostapenko",105,1,2,2,"C","NCTL",1,4,0.77,0.735,0,1.02242549424609,0,0,2,1,2,"tomljanovic a.","ostapenko j.",1,1,1.4,1.4,1500,1570.31015071616,2553
"2024-wimbledon-2108","wimbledon",2024,"0:43:22",70,"Ajla Tomljanovic","Jelena Ostapenko",96,1,2,2,"W","CTL",1,4,1.118,0.857,0,0.934789023310711,0,0,2,1,3,"tomljanovic a.","ostapenko j.",1,1,1.4,1.4,1500,1570.31015071616,2602
"2024-wimbledon-2108","wimbledon",2024,"0:44:54",72,"Ajla Tomljanovic","Jelena Ostapenko",100,1,1,1,"W","CTL",1,5,1.341,1.192,1,0.991288675277861,0,0,2,1,3,"tomljanovic a.","ostapenko j.",1,1,1.4,1.4,1500,1570.31015071616,2694
"2024-wimbledon-2108","wimbledon",2024,"0:45:16",73,"Ajla Tomljanovic","Jelena Ostapenko",102,1,1,2,"C","CTL",2,5,7.819,8.255,0,1.01111444878342,0,0,2,1,3,"tomljanovic a.","ostapenko j.",1,1,1.4,1.4,1500,1570.31015071616,2716
"2024-wimbledon-2108","wimbledon",2024,"0:45:41",74,"Ajla Tomljanovic","Jelena Ostapenko",94,2,1,1,"B","NCTL",3,5,7.946,7.604,0,0.93181135476119,0,0,2,1,3,"tomljanovic a.","ostapenko j.",1,1,1.4,1.4,1500,1570.31015071616,2741
"2024-wimbledon-2108","wimbledon",2024,"0:46:23",75,"Ajla Tomljanovic","Jelena Ostapenko",95,1,1,1,"W","NCTL",1,5,4.961,4.298,1,0.941724241513968,0,0,2,1,3,"tomljanovic a.","ostapenko j.",1,1,1.4,1.4,1500,1570.31015071616,2783
"2024-wimbledon-2108","wimbledon",2024,"0:47:20",77,"Ajla Tomljanovic","Jelena Ostapenko",100,1,1,1,"B","NCTL",5,5,16.746,17.202,1,0.991288675277861,0,0,2,1,3,"tomljanovic a.","ostapenko j.",1,1,1.4,1.4,1500,1570.31015071616,2840
"2024-wimbledon-2108","wimbledon",2024,"0:47:49",78,"Ajla Tomljanovic","Jelena Ostapenko",90,2,1,2,"B","NCTL",4,5,15.378,12.398,1,0.892159807750075,0,0,2,1,3,"tomljanovic a.","ostapenko j.",1,1,1.4,1.4,1500,1570.31015071616,2869
"2024-wimbledon-2108","wimbledon",2024,"0:48:36",79,"Ajla Tomljanovic","Jelena Ostapenko",91,2,1,2,"W","NCTL",2,5,4.556,4.966,1,0.902072694502854,0,0,2,1,3,"tomljanovic a.","ostapenko j.",1,1,1.4,1.4,1500,1570.31015071616,2916
"2024-wimbledon-2108","wimbledon",2024,"0:49:13",80,"Ajla Tomljanovic","Jelena Ostapenko",101,1,1,1,"W","CTL",1,5,7.814,7.186,1,1.00120156203064,0,1,2,1,3,"tomljanovic a.","ostapenko j.",3,1,1.4,4.2,1500,1570.31015071616,2953
"2024-wimbledon-2108","wimbledon",2024,"0:49:40",81,"Ajla Tomljanovic","Jelena Ostapenko",97,1,1,2,"B","NCTL",2,5,4.192,4.986,0,0.961550015019525,0,0,2,1,3,"tomljanovic a.","ostapenko j.",1,1,1.4,1.4,1500,1570.31015071616,2980
"2024-wimbledon-2108","wimbledon",2024,"0:50:07",82,"Ajla Tomljanovic","Jelena Ostapenko",98,1,1,1,"BC","NCTL",1,5,3.486,3.681,1,0.971462901772304,0,1,2,1,3,"tomljanovic a.","ostapenko j.",3,1,1.4,4.2,1500,1570.31015071616,3007
"2024-wimbledon-2108","wimbledon",2024,"0:51:08",84,"Ajla Tomljanovic","Jelena Ostapenko",95,2,1,2,"BC","NCTL",4,5,12.184,12.294,1,0.941724241513968,0,1,2,1,4,"tomljanovic a.","ostapenko j.",3,1,1.4,4.2,1500,1570.31015071616,3068
"2024-wimbledon-2108","wimbledon",2024,"0:53:04",85,"Ajla Tomljanovic","Jelena Ostapenko",107,1,2,2,"C","NCTL",3,6,10.956,13.826,0,1.04190026556506,0,0,2,1,4,"tomljanovic a.","ostapenko j.",1,1,1.4,1.4,1500,1570.31015071616,3184
"2024-wimbledon-2108","wimbledon",2024,"0:54:01",87,"Ajla Tomljanovic","Jelena Ostapenko",93,1,2,1,"BW","NCTL",4,6,12.376,11.92,1,0.905576866332251,0,0,2,1,4,"tomljanovic a.","ostapenko j.",1,1,1.4,1.4,1500,1570.31015071616,3241
"2024-wimbledon-2108","wimbledon",2024,"0:55:02",89,"Ajla Tomljanovic","Jelena Ostapenko",103,1,2,2,"C","NCTL",1,6,9.011,9.087,0,1.00295072292712,1,0,2,1,4,"tomljanovic a.","ostapenko j.",3,1,1.4,4.2,1500,1570.31015071616,3302
"2024-wimbledon-2108","wimbledon",2024,"0:55:21",90,"Ajla Tomljanovic","Jelena Ostapenko",93,2,2,2,"C","NCTL",3,6,11.102,11.354,1,0.905576866332251,1,0,2,1,4,"tomljanovic a.","ostapenko j.",3,1,1.4,4.2,1500,1570.31015071616,3321
"2024-wimbledon-2108","wimbledon",2024,"0:55:58",91,"Ajla Tomljanovic","Jelena Ostapenko",98,2,2,2,"BW","NCTL",5,6,16.595,15.451,1,0.954263794629684,0,0,2,1,4,"tomljanovic a.","ostapenko j.",1,1,1.4,1.4,1500,1570.31015071616,3358
"2024-wimbledon-2108","wimbledon",2024,"0:56:38",92,"Ajla Tomljanovic","Jelena Ostapenko",99,1,2,1,"W","CTL",2,6,6.096,5.291,1,0.964001180289171,0,0,2,1,4,"tomljanovic a.","ostapenko j.",1,1,1.4,1.4,1500,1570.31015071616,3398
"2024-wimbledon-2108","wimbledon",2024,"0:57:00",93,"Ajla Tomljanovic","Jelena Ostapenko",91,2,2,2,"BC","NCTL",1,6,3.35,3.997,1,0.886102095013278,0,0,2,1,4,"tomljanovic a.","ostapenko j.",1,1,1.4,1.4,1500,1570.31015071616,3420
"2024-wimbledon-2108","wimbledon",2024,"0:58:13",95,"Ajla Tomljanovic","Jelena Ostapenko",107,1,2,1,"C","NCTL",2,6,14.449,13.532,1,1.04190026556506,0,0,2,1,4,"tomljanovic a.","ostapenko j.",1,1,1.4,1.4,1500,1570.31015071616,3493
"2024-wimbledon-2108","wimbledon",2024,"0:58:37",96,"Ajla Tomljanovic","Jelena Ostapenko",100,1,2,2,"W","NCTL",5,6,18.078,18.029,0,0.973738565948657,1,0,2,1,4,"tomljanovic a.","ostapenko j.",3,1,1.4,4.2,1500,1570.31015071616,3517
"2024-wimbledon-2108","wimbledon",2024,"0:59:05",97,"Ajla Tomljanovic","Jelena Ostapenko",78,2,2,2,"BC","NCTL",7,6,25.912,22.488,1,0.759516081439953,0,0,2,1,4,"tomljanovic a.","ostapenko j.",1,1,1.4,1.4,1500,1570.31015071616,3545
"2024-wimbledon-2108","wimbledon",2024,"1:00:47",99,"Ajla Tomljanovic","Jelena Ostapenko",107,1,2,2,"C","CTL",1,6,4.032,4.124,0,1.04190026556506,0,0,2,1,4,"tomljanovic a.","ostapenko j.",1,1,1.4,1.4,1500,1570.31015071616,3647
"2024-wimbledon-2108","wimbledon",2024,"1:01:08",100,"Ajla Tomljanovic","Jelena Ostapenko",103,1,2,2,"B","NCTL",1,6,3.944,5.38,0,1.00295072292712,0,0,2,1,5,"tomljanovic a.","ostapenko j.",1,1.8,1.4,2.52,1500,1570.31015071616,3668
"2024-wimbledon-2108","wimbledon",2024,"1:01:46",101,"Ajla Tomljanovic","Jelena Ostapenko",100,1,1,1,"BW","CTL",1,7,3.664,3.251,1,0.991288675277861,0,0,2,1,5,"tomljanovic a.","ostapenko j.",1,1.8,1.4,2.52,1500,1570.31015071616,3706
"2024-wimbledon-2108","wimbledon",2024,"1:02:06",102,"Ajla Tomljanovic","Jelena Ostapenko",104,1,1,2,"C","NCTL",2,7,5.385,5.961,0,1.03094022228898,0,0,2,1,5,"tomljanovic a.","ostapenko j.",1,1.8,1.4,2.52,1500,1570.31015071616,3726
"2024-wimbledon-2108","wimbledon",2024,"1:02:24",103,"Ajla Tomljanovic","Jelena Ostapenko",92,1,1,1,"W","CTL",1,7,1.244,2.035,1,0.911985581255632,0,0,2,1,5,"tomljanovic a.","ostapenko j.",1,1.8,1.4,2.52,1500,1570.31015071616,3744
"2024-wimbledon-2108","wimbledon",2024,"1:02:45",104,"Ajla Tomljanovic","Jelena Ostapenko",101,1,1,1,"W","CTL",1,7,6.185,6.319,1,1.00120156203064,0,0,2,1,5,"tomljanovic a.","ostapenko j.",1,1.8,1.4,2.52,1500,1570.31015071616,3765
"2024-wimbledon-2108","wimbledon",2024,"1:03:45",106,"Ajla Tomljanovic","Jelena Ostapenko",93,1,1,2,"BC","NCTL",4,7,8.306,11.815,0,0.921898468008411,0,0,2,1,5,"tomljanovic a.","ostapenko j.",1,1.8,1.4,2.52,1500,1570.31015071616,3825
"2024-wimbledon-2108","wimbledon",2024,"1:04:07",107,"Ajla Tomljanovic","Jelena Ostapenko",82,2,1,1,"W","NCTL",1,7,4.661,4.422,0,0.812856713727846,0,0,2,1,5,"tomljanovic a.","ostapenko j.",1,1.8,1.4,2.52,1500,1570.31015071616,3847
"2024-wimbledon-2108","wimbledon",2024,"1:04:41",108,"Ajla Tomljanovic","Jelena Ostapenko",104,1,1,1,"C","NCTL",1,7,0.959,1.533,1,1.03094022228898,0,0,2,2,5,"tomljanovic a.","ostapenko j.",1,1.8,1.4,2.52,1500,1570.31015071616,3881
"2024-wimbledon-2108","wimbledon",2024,"1:07:04",110,"Ajla Tomljanovic","Jelena Ostapenko",77,2,2,2,"BW","NCTL",3,8,13.669,10.801,1,0.749778695780466,0,0,2,2,5,"tomljanovic a.","ostapenko j.",1,1.8,1.4,2.52,1500,1570.31015071616,4024
"2024-wimbledon-2108","wimbledon",2024,"1:07:41",111,"Ajla Tomljanovic","Jelena Ostapenko",102,1,2,1,"C","NCTL",2,8,8.053,5.905,1,0.993213337267631,0,0,2,2,5,"tomljanovic a.","ostapenko j.",1,1.8,1.4,2.52,1500,1570.31015071616,4061
"2024-wimbledon-2108","wimbledon",2024,"1:08:03",112,"Ajla Tomljanovic","Jelena Ostapenko",92,2,2,2,"BC","NCTL",1,8,3.51,4.247,1,0.895839480672765,0,0,2,2,5,"tomljanovic a.","ostapenko j.",1,1.8,1.4,2.52,1500,1570.31015071616,4083
"2024-wimbledon-2108","wimbledon",2024,"1:08:41",113,"Ajla Tomljanovic","Jelena Ostapenko",94,1,2,2,"BW","NCTL",1,8,3.344,2.868,0,0.915314251991738,0,0,2,2,5,"tomljanovic a.","ostapenko j.",1,1.8,1.4,2.52,1500,1570.31015071616,4121
"2024-wimbledon-2108","wimbledon",2024,"1:09:06",114,"Ajla Tomljanovic","Jelena Ostapenko",104,1,2,2,"C","NCTL",1,8,1.201,0.82,0,1.0126881085866,0,0,2,2,6,"tomljanovic a.","ostapenko j.",1,1.8,1.4,2.52,1500,1570.31015071616,4146
"2024-wimbledon-2116","wimbledon",2024,"0:00:00",1,"Jessica Bouzas Maneiro","Marketa Vondrousova",102,1,2,1,"BC","NCTL",6,1,27.85,28.872,1,1.01405553651011,0,0,1,0,0,"bouzas maneiro j.","vondrousova m.",1,1,1,1,1520.34830591377,1500,0
"2024-wimbledon-2116","wimbledon",2024,"0:00:26",2,"Jessica Bouzas Maneiro","Marketa Vondrousova",99,1,2,2,"W","CTL",1,1,5.923,5.051,0,0.98423037367158,0,0,1,0,0,"bouzas maneiro j.","vondrousova m.",1,1,1,1,1520.34830591377,1500,26
"2024-wimbledon-2116","wimbledon",2024,"0:00:51",3,"Jessica Bouzas Maneiro","Marketa Vondrousova",106,1,2,2,"C","CTL",3,1,9.816,8.932,0,1.05382242029482,0,0,1,0,0,"bouzas maneiro j.","vondrousova m.",1,1,1,1,1520.34830591377,1500,51
"2024-wimbledon-2116","wimbledon",2024,"0:01:15",4,"Jessica Bouzas Maneiro","Marketa Vondrousova",82,2,2,2,"C","CTL",5,1,28.616,19.548,1,0.815221117586561,0,0,1,0,0,"bouzas maneiro j.","vondrousova m.",1,1,1,1,1520.34830591377,1500,75
"2024-wimbledon-2116","wimbledon",2024,"0:01:53",5,"Jessica Bouzas Maneiro","Marketa Vondrousova",74,2,2,1,"C","NCTL",4,1,25.994,24.541,0,0.735687350017141,0,0,1,0,0,"bouzas maneiro j.","vondrousova m.",1,1,1,1,1520.34830591377,1500,113
"2024-wimbledon-2116","wimbledon",2024,"0:03:03",7,"Jessica Bouzas Maneiro","Marketa Vondrousova",106,1,2,2,"C","CTL",1,1,1.645,0.911,0,1.05382242029482,0,0,1,0,0,"bouzas maneiro j.","vondrousova m.",1,1,1,1,1520.34830591377,1500,183
"2024-wimbledon-2116","wimbledon",2024,"0:04:00",9,"Jessica Bouzas Maneiro","Marketa Vondrousova",100,1,2,1,"BC","NCTL",2,1,8.677,9.177,1,0.994172094617758,0,0,1,0,0,"bouzas maneiro j.","vondrousova m.",1,1,1,1,1520.34830591377,1500,240
"2024-wimbledon-2116","wimbledon",2024,"0:05:30",11,"Jessica Bouzas Maneiro","Marketa Vondrousova",79,2,1,1,"BW","NCTL",13,2,48.066,51.289,0,0.82234559333796,0,0,1,1,0,"bouzas maneiro j.","vondrousova m.",1,1,1,1,1520.34830591377,1500,330
"2024-wimbledon-2116","wimbledon",2024,"0:06:25",12,"Jessica Bouzas Maneiro","Marketa Vondrousova",88,1,1,2,"BW","NCTL",6,2,16.929,17.835,0,0.916030534351145,0,0,1,1,0,"bouzas maneiro j.","vondrousova m.",1,1,1,1,1520.34830591377,1500,385
"2024-wimbledon-2116","wimbledon",2024,"0:06:57",13,"Jessica Bouzas Maneiro","Marketa Vondrousova",102,1,1,1,"BC","NCTL",5,2,24.508,32.15,1,1.0617626648161,0,0,1,1,0,"bouzas maneiro j.","vondrousova m.",1,1,1,1,1520.34830591377,1500,417
"2024-wimbledon-2116","wimbledon",2024,"0:07:36",14,"Jessica Bouzas Maneiro","Marketa Vondrousova",77,2,1,2,"B","NCTL",2,2,12.679,15.57,1,0.801526717557252,0,0,1,1,0,"bouzas maneiro j.","vondrousova m.",1,1,1,1,1520.34830591377,1500,456
"2024-wimbledon-2116","wimbledon",2024,"0:08:12",15,"Jessica Bouzas Maneiro","Marketa Vondrousova",79,2,1,2,"C","NCTL",12,2,49.175,49.669,1,0.82234559333796,0,0,1,1,0,"bouzas maneiro j.","vondrousova m.",1,1,1,1,1520.34830591377,1500,492
"2024-wimbledon-2116","wimbledon",2024,"0:09:12",16,"Jessica Bouzas Maneiro","Marketa Vondrousova",88,1,1,1,"BW","NCTL",7,2,25.57,34.677,1,0.916030534351145,0,1,1,1,0,"bouzas maneiro j.","vondrousova m.",3,1,1,3,1520.34830591377,1500,552
"2024-wimbledon-2116","wimbledon",2024,"0:09:50",17,"Jessica Bouzas Maneiro","Marketa Vondrousova",80,2,1,1,"BC","NCTL",1,2,5.727,7.459,0,0.832755031228314,0,0,1,1,0,"bouzas maneiro j.","vondrousova m.",1,1,1,1,1520.34830591377,1500,590
"2024-wimbledon-2116","wimbledon",2024,"0:11:32",19,"Jessica Bouzas Maneiro","Marketa Vondrousova",102,1,1,1,"BC","NCTL",3,2,10.71,11.069,1,1.0617626648161,0,0,1,1,0,"bouzas maneiro j.","vondrousova m.",1,1,1,1,1520.34830591377,1500,692
"2024-wimbledon-2116","wimbledon",2024,"0:11:57",20,"Jessica Bouzas Maneiro","Marketa Vondrousova",101,1,1,1,"W","CTL",1,2,5.382,5.808,1,1.05135322692575,0,0,1,2,0,"bouzas maneiro j.","vondrousova m.",1,1,1,1,1520.34830591377,1500,717
"2024-wimbledon-2116","wimbledon",2024,"0:12:25",21,"Jessica Bouzas Maneiro","Marketa Vondrousova",91,1,2,2,"C","CTL",1,3,6.124,5.107,0,0.90469660610216,0,0,1,2,0,"bouzas maneiro j.","vondrousova m.",1,1,1,1,1520.34830591377,1500,745
"2024-wimbledon-2116","wimbledon",2024,"0:12:48",22,"Jessica Bouzas Maneiro","Marketa Vondrousova",82,1,2,1,"BW","NCTL",4,3,16.204,16.91,1,0.815221117586561,0,0,1,2,0,"bouzas maneiro j.","vondrousova m.",1,1,1,1,1520.34830591377,1500,768
"2024-wimbledon-2116","wimbledon",2024,"0:13:10",23,"Jessica Bouzas Maneiro","Marketa Vondrousova",108,1,2,2,"C","CTL",1,3,5.832,4.396,0,1.07370586218718,0,0,1,2,0,"bouzas maneiro j.","vondrousova m.",1,1,1,1,1520.34830591377,1500,790
"2024-wimbledon-2116","wimbledon",2024,"0:13:28",24,"Jessica Bouzas Maneiro","Marketa Vondrousova",74,2,2,1,"BC","NCTL",4,3,17.553,18.8,0,0.735687350017141,0,0,1,2,0,"bouzas maneiro j.","vondrousova m.",1,1,1,1,1520.34830591377,1500,808
"2024-wimbledon-2116","wimbledon",2024,"0:14:01",25,"Jessica Bouzas Maneiro","Marketa Vondrousova",80,2,2,2,"C","NCTL",5,3,16.519,14.479,1,0.795337675694206,0,0,1,2,0,"bouzas maneiro j.","vondrousova m.",1,1,1,1,1520.34830591377,1500,841
"2024-wimbledon-2116","wimbledon",2024,"0:14:38",26,"Jessica Bouzas Maneiro","Marketa Vondrousova",95,2,2,2,"BC","NCTL",3,3,12.745,11.594,1,0.94446348988687,0,0,1,2,1,"bouzas maneiro j.","vondrousova m.",1,1,1,1,1520.34830591377,1500,878
"2024-wimbledon-2116","wimbledon",2024,"0:16:38",27,"Jessica Bouzas Maneiro","Marketa Vondrousova",87,1,1,1,"B","NCTL",7,4,27.612,40.564,1,0.905621096460791,0,0,1,2,1,"bouzas maneiro j.","vondrousova m.",1,1,1,1,1520.34830591377,1500,998
"2024-wimbledon-2116","wimbledon",2024,"0:17:10",28,"Jessica Bouzas Maneiro","Marketa Vondrousova",84,2,1,2,"BW","NCTL",6,4,26.405,31.56,1,0.874392782789729,0,0,1,2,1,"bouzas maneiro j.","vondrousova m.",1,1,1,1,1520.34830591377,1500,1030
"2024-wimbledon-2116","wimbledon",2024,"0:17:56",29,"Jessica Bouzas Maneiro","Marketa Vondrousova",108,1,1,1,"C","NCTL",7,4,26.761,26.631,1,1.12421929215822,0,0,1,2,1,"bouzas maneiro j.","vondrousova m.",1,1,1,1,1520.34830591377,1500,1076
"2024-wimbledon-2116","wimbledon",2024,"0:18:37",30,"Jessica Bouzas Maneiro","Marketa Vondrousova",100,1,1,2,"BC","NCTL",6,4,19.023,20.246,0,1.04094378903539,0,0,1,2,1,"bouzas maneiro j.","vondrousova m.",1,1,1,1,1520.34830591377,1500,1117
"2024-wimbledon-2116","wimbledon",2024,"0:19:09",31,"Jessica Bouzas Maneiro","Marketa Vondrousova",85,2,1,2,"B","NCTL",8,4,29.137,24.936,1,0.884802220680083,0,0,1,2,1,"bouzas maneiro j.","vondrousova m.",1,1,1,1,1520.34830591377,1500,1149
"2024-wimbledon-2116","wimbledon",2024,"0:20:01",32,"Jessica Bouzas Maneiro","Marketa Vondrousova",88,2,1,2,"BW","NCTL",2,4,7.332,9.33,1,0.916030534351145,0,1,1,2,2,"bouzas maneiro j.","vondrousova m.",3,1,1,3,1520.34830591377,1500,1201
"2024-wimbledon-2116","wimbledon",2024,"0:20:44",33,"Jessica Bouzas Maneiro","Marketa Vondrousova",106,1,2,2,"W","CTL",1,5,10.864,9.984,0,1.05382242029482,0,0,1,2,2,"bouzas maneiro j.","vondrousova m.",1,1,1,1,1520.34830591377,1500,1244
"2024-wimbledon-2116","wimbledon",2024,"0:21:03",34,"Jessica Bouzas Maneiro","Marketa Vondrousova",97,1,2,2,"BW","NCTL",3,5,11.306,10.329,0,0.964346931779225,0,0,1,2,2,"bouzas maneiro j.","vondrousova m.",1,1,1,1,1520.34830591377,1500,1263
"2024-wimbledon-2116","wimbledon",2024,"0:21:22",35,"Jessica Bouzas Maneiro","Marketa Vondrousova",102,1,2,1,"C","NCTL",4,5,22.781,17.589,1,1.01405553651011,0,0,1,2,2,"bouzas maneiro j.","vondrousova m.",1,1,1,1,1520.34830591377,1500,1282
"2024-wimbledon-2116","wimbledon",2024,"0:21:55",36,"Jessica Bouzas Maneiro","Marketa Vondrousova",107,1,2,2,"C","NCTL",1,5,1.063,1.511,0,1.063764141241,0,0,1,2,2,"bouzas maneiro j.","vondrousova m.",1,1,1,1,1520.34830591377,1500,1315
"2024-wimbledon-2116","wimbledon",2024,"0:22:49",38,"Jessica Bouzas Maneiro","Marketa Vondrousova",96,1,2,2,"BC","NCTL",3,5,21.523,20.144,0,0.954405210833048,0,0,1,2,3,"bouzas maneiro j.","vondrousova m.",1,1,1,1,1520.34830591377,1500,1369
"2024-wimbledon-2116","wimbledon",2024,"0:24:34",39,"Jessica Bouzas Maneiro","Marketa Vondrousova",89,1,1,2,"B","NCTL",8,6,29.865,31.547,0,0.926439972241499,0,0,1,2,3,"bouzas maneiro j.","vondrousova m.",1,1,1,1,1520.34830591377,1500,1474
"2024-wimbledon-2116","wimbledon",2024,"0:25:06",40,"Jessica Bouzas Maneiro","Marketa Vondrousova",101,1,1,1,"BW","NCTL",3,6,8.323,10.3,1,1.05135322692575,0,0,1,2,3,"bouzas maneiro j.","vondrousova m.",1,1,1,1,1520.34830591377,1500,1506
"2024-wimbledon-2116","wimbledon",2024,"0:25:29",41,"Jessica Bouzas Maneiro","Marketa Vondrousova",78,2,1,1,"BC","NCTL",7,6,20.495,23.056,0,0.811936155447606,0,0,1,2,3,"bouzas maneiro j.","vondrousova m.",1,1,1,1,1520.34830591377,1500,1529
"2024-wimbledon-2116","wimbledon",2024,"0:26:12",42,"Jessica Bouzas Maneiro","Marketa Vondrousova",101,1,1,1,"BW","NCTL",5,6,19.376,22.427,1,1.05135322692575,0,0,1,2,3,"bouzas maneiro j.","vondrousova m.",1,1,1,1,1520.34830591377,1500,1572
"2024-wimbledon-2116","wimbledon",2024,"0:26:47",43,"Jessica Bouzas Maneiro","Marketa Vondrousova",93,1,1,2,"BW","NCTL",10,6,33.836,38.14,0,0.968077723802915,0,0,1,2,3,"bouzas maneiro j.","vondrousova m.",1,1,1,1,1520.34830591377,1500,1607
"2024-wimbledon-2116","wimbledon",2024,"0:27:29",44,"Jessica Bouzas Maneiro","Marketa Vondrousova",77,2,1,1,"B","NCTL",3,6,9.929,10.974,0,0.801526717557252,0,0,1,3,3,"bouzas maneiro j.","vondrousova m.",1,1,1,1,1520.34830591377,1500,1649
"2024-wimbledon-2116","wimbledon",2024,"0:28:26",45,"Jessica Bouzas Maneiro","Marketa Vondrousova",104,1,2,2,"BW","NCTL",1,7,3.8,3.464,0,1.03393897840247,0,0,1,3,3,"bouzas maneiro j.","vondrousova m.",1,1,1,1,1520.34830591377,1500,1706
"2024-wimbledon-2116","wimbledon",2024,"0:28:43",46,"Jessica Bouzas Maneiro","Marketa Vondrousova",92,1,2,1,"BW","NCTL",6,7,29.676,28.78,1,0.914638327048337,0,0,1,3,3,"bouzas maneiro j.","vondrousova m.",1,1,1,1,1520.34830591377,1500,1723
"2024-wimbledon-2116","wimbledon",2024,"0:29:13",47,"Jessica Bouzas Maneiro","Marketa Vondrousova",104,1,2,1,"C","NCTL",12,7,45.612,41.467,1,1.03393897840247,0,0,1,3,3,"bouzas maneiro j.","vondrousova m.",1,1,1,1,1520.34830591377,1500,1753
"2024-wimbledon-2116","wimbledon",2024,"0:29:54",48,"Jessica Bouzas Maneiro","Marketa Vondrousova",108,1,2,1,"BC","NCTL",2,7,10.259,9.28,1,1.07370586218718,0,0,1,3,3,"bouzas maneiro j.","vondrousova m.",1,1,1,1,1520.34830591377,1500,1794
"2024-wimbledon-2116","wimbledon",2024,"0:30:16",49,"Jessica Bouzas Maneiro","Marketa Vondrousova",109,1,2,1,"BW","NCTL",2,7,8.321,7.621,1,1.08364758313336,1,0,1,4,3,"bouzas maneiro j.","vondrousova m.",3,1,1,3,1520.34830591377,1500,1816
"2024-wimbledon-2116","wimbledon",2024,"0:31:54",50,"Jessica Bouzas Maneiro","Marketa Vondrousova",93,1,1,2,"BW","CTL",4,8,22.327,20.976,0,0.968077723802915,0,0,1,4,3,"bouzas maneiro j.","vondrousova m.",1,1,1,1,1520.34830591377,1500,1914
"2024-wimbledon-2116","wimbledon",2024,"0:32:21",51,"Jessica Bouzas Maneiro","Marketa Vondrousova",87,1,1,1,"W","CTL",9,8,31.361,37.233,1,0.905621096460791,0,0,1,4,3,"bouzas maneiro j.","vondrousova m.",1,1,1,1,1520.34830591377,1500,1941
"2024-wimbledon-2116","wimbledon",2024,"0:32:58",52,"Jessica Bouzas Maneiro","Marketa Vondrousova",85,2,1,1,"B","NCTL",1,8,4.722,4.802,0,0.884802220680083,0,0,1,4,3,"bouzas maneiro j.","vondrousova m.",1,1,1,1,1520.34830591377,1500,1978
"2024-wimbledon-2116","wimbledon",2024,"0:33:34",53,"Jessica Bouzas Maneiro","Marketa Vondrousova",94,1,1,1,"BC","NCTL",5,8,15.938,16.496,1,0.978487161693269,0,0,1,4,3,"bouzas maneiro j.","vondrousova m.",1,1,1,1,1520.34830591377,1500,2014
"2024-wimbledon-2116","wimbledon",2024,"0:34:00",54,"Jessica Bouzas Maneiro","Marketa Vondrousova",97,1,1,2,"BW","NCTL",4,8,15.178,16.172,0,1.00971547536433,0,0,1,4,3,"bouzas maneiro j.","vondrousova m.",1,1,1,1,1520.34830591377,1500,2040
"2024-wimbledon-2116","wimbledon",2024,"0:34:28",55,"Jessica Bouzas Maneiro","Marketa Vondrousova",82,2,1,1,"BC","NCTL",1,8,4.478,4.361,0,0.853573907009022,0,0,1,5,3,"bouzas maneiro j.","vondrousova m.",1,1.8,1,1.8,1520.34830591377,1500,2068
"2024-wimbledon-2116","wimbledon",2024,"0:35:07",56,"Jessica Bouzas Maneiro","Marketa Vondrousova",103,1,2,2,"BC","NCTL",3,9,12.639,15.921,0,1.02399725745629,0,0,1,5,3,"bouzas maneiro j.","vondrousova m.",1,1.8,1,1.8,1520.34830591377,1500,2107
"2024-wimbledon-2116","wimbledon",2024,"0:35:29",57,"Jessica Bouzas Maneiro","Marketa Vondrousova",90,2,2,2,"BC","NCTL",1,9,4.975,4.811,1,0.894754885155982,0,0,1,5,3,"bouzas maneiro j.","vondrousova m.",1,1.8,1,1.8,1520.34830591377,1500,2129
"2024-wimbledon-2116","wimbledon",2024,"0:35:58",58,"Jessica Bouzas Maneiro","Marketa Vondrousova",108,1,2,2,"W","CTL",1,9,1.326,0.795,0,1.07370586218718,0,0,1,5,3,"bouzas maneiro j.","vondrousova m.",1,1.8,1,1.8,1520.34830591377,1500,2158
"2024-wimbledon-2116","wimbledon",2024,"0:36:44",60,"Jessica Bouzas Maneiro","Marketa Vondrousova",92,2,2,2,"C","NCTL",1,9,12.516,10.438,1,0.914638327048337,0,0,1,5,4,"bouzas maneiro j.","vondrousova m.",1,1.8,1,1.8,1520.34830591377,1500,2204
"2024-wimbledon-2116","wimbledon",2024,"0:38:34",61,"Jessica Bouzas Maneiro","Marketa Vondrousova",93,1,1,1,"BW","NCTL",5,10,20.979,18.996,1,0.968077723802915,0,0,1,5,4,"bouzas maneiro j.","vondrousova m.",1,1.8,1,1.8,1520.34830591377,1500,2314
"2024-wimbledon-2116","wimbledon",2024,"0:39:19",62,"Jessica Bouzas Maneiro","Marketa Vondrousova",99,1,1,1,"W","CTL",3,10,17.362,19.872,1,1.03053435114504,0,0,1,5,4,"bouzas maneiro j.","vondrousova m.",1,1.8,1,1.8,1520.34830591377,1500,2359
"2024-wimbledon-2116","wimbledon",2024,"0:39:44",63,"Jessica Bouzas Maneiro","Marketa Vondrousova",99,1,1,1,"BC","NCTL",1,10,7.485,6.504,1,1.03053435114504,0,0,1,5,4,"bouzas maneiro j.","vondrousova m.",1,1.8,1,1.8,1520.34830591377,1500,2384
"2024-wimbledon-2116","wimbledon",2024,"0:40:05",64,"Jessica Bouzas Maneiro","Marketa Vondrousova",85,2,1,1,"BC","NCTL",7,10,23.477,26.388,0,0.884802220680083,0,0,1,6,4,"bouzas maneiro j.","vondrousova m.",1,1.8,1,1.8,1520.34830591377,1500,2405
"2024-wimbledon-2116","wimbledon",2024,"0:42:25",65,"Jessica Bouzas Maneiro","Marketa Vondrousova",99,1,2,1,"C","NCTL",4,1,19.591,16.436,1,0.98423037367158,0,0,2,0,0,"bouzas maneiro j.","vondrousova m.",1,1,1.4,1.4,1520.34830591377,1500,2545
"2024-wimbledon-2116","wimbledon",2024,"0:42:49",66,"Jessica Bouzas Maneiro","Marketa Vondrousova",110,1,2,2,"C","CTL",1,1,2.973,3.008,0,1.09358930407953,0,0,2,0,0,"bouzas maneiro j.","vondrousova m.",1,1,1.4,1.4,1520.34830591377,1500,2569
"2024-wimbledon-2116","wimbledon",2024,"0:43:31",68,"Jessica Bouzas Maneiro","Marketa Vondrousova",81,2,2,1,"BC","NCTL",4,1,15.609,15.281,0,0.805279396640384,0,0,2,0,0,"bouzas maneiro j.","vondrousova m.",1,1,1.4,1.4,1520.34830591377,1500,2611
"2024-wimbledon-2116","wimbledon",2024,"0:44:11",69,"Jessica Bouzas Maneiro","Marketa Vondrousova",79,2,2,1,"C","NCTL",6,1,24.69,21.56,0,0.785395954748029,1,0,2,1,0,"bouzas maneiro j.","vondrousova m.",3,1,1.4,4.2,1520.34830591377,1500,2651
"2024-wimbledon-2116","wimbledon",2024,"0:45:18",70,"Jessica Bouzas Maneiro","Marketa Vondrousova",79,2,1,2,"B","NCTL",6,2,19.936,28.196,1,0.82234559333796,0,0,2,1,0,"bouzas maneiro j.","vondrousova m.",1,1,1.4,1.4,1520.34830591377,1500,2718
"2024-wimbledon-2116","wimbledon",2024,"0:46:35",72,"Jessica Bouzas Maneiro","Marketa Vondrousova",106,1,1,2,"C","NCTL",12,2,41.078,44.8,0,1.10340041637752,0,0,2,1,0,"bouzas maneiro j.","vondrousova m.",1,1,1.4,1.4,1520.34830591377,1500,2795
"2024-wimbledon-2116","wimbledon",2024,"0:47:30",73,"Jessica Bouzas Maneiro","Marketa Vondrousova",79,2,1,2,"BW","NCTL",2,2,25.031,39.535,1,0.82234559333796,0,1,2,1,1,"bouzas maneiro j.","vondrousova m.",3,1,1.4,4.2,1520.34830591377,1500,2850
"2024-wimbledon-2116","wimbledon",2024,"0:48:30",74,"Jessica Bouzas Maneiro","Marketa Vondrousova",103,1,2,1,"B","NCTL",8,3,55.611,42.984,1,1.02399725745629,0,0,2,1,1,"bouzas maneiro j.","vondrousova m.",1,1,1.4,1.4,1520.34830591377,1500,2910
"2024-wimbledon-2116","wimbledon",2024,"0:48:59",75,"Jessica Bouzas Maneiro","Marketa Vondrousova",81,1,2,1,"W","CTL",2,3,10.31,7.211,1,0.805279396640384,0,0,2,1,1,"bouzas maneiro j.","vondrousova m.",1,1,1.4,1.4,1520.34830591377,1500,2939
"2024-wimbledon-2116","wimbledon",2024,"0:49:18",76,"Jessica Bouzas Maneiro","Marketa Vondrousova",73,2,2,1,"BC","NCTL",6,3,28.113,23.704,0,0.725745629070963,0,0,2,1,1,"bouzas maneiro j.","vondrousova m.",1,1,1.4,1.4,1520.34830591377,1500,2958
"2024-wimbledon-2116","wimbledon",2024,"0:49:57",77,"Jessica Bouzas Maneiro","Marketa Vondrousova",107,1,2,1,"BC","CTL",2,3,9.409,9.497,1,1.063764141241,1,0,2,2,1,"bouzas maneiro j.","vondrousova m.",3,1,1.4,4.2,1520.34830591377,1500,2997
"2024-wimbledon-2116","wimbledon",2024,"0:51:45",78,"Jessica Bouzas Maneiro","Marketa Vondrousova",92,1,1,1,"BW","NCTL",3,4,12.698,13.62,1,0.957668285912561,0,0,2,2,1,"bouzas maneiro j.","vondrousova m.",1,1,1.4,1.4,1520.34830591377,1500,3105
"2024-wimbledon-2116","wimbledon",2024,"0:52:09",79,"Jessica Bouzas Maneiro","Marketa Vondrousova",88,1,1,1,"C","CTL",1,4,1.066,1.216,1,0.916030534351145,0,0,2,2,1,"bouzas maneiro j.","vondrousova m.",1,1,1.4,1.4,1520.34830591377,1500,3129
"2024-wimbledon-2116","wimbledon",2024,"0:52:28",80,"Jessica Bouzas Maneiro","Marketa Vondrousova",96,1,1,1,"BW","NCTL",5,4,19.054,21.421,1,0.999306037473976,0,0,2,2,1,"bouzas maneiro j.","vondrousova m.",1,1,1.4,1.4,1520.34830591377,1500,3148
"2024-wimbledon-2116","wimbledon",2024,"0:53:01",81,"Jessica Bouzas Maneiro","Marketa Vondrousova",93,1,1,1,"W","NCTL",3,4,9.103,10.609,1,0.968077723802915,0,0,2,3,1,"bouzas maneiro j.","vondrousova m.",1,1,1.4,1.4,1520.34830591377,1500,3181
"2024-wimbledon-2116","wimbledon",2024,"0:53:34",82,"Jessica Bouzas Maneiro","Marketa Vondrousova",85,2,2,1,"C","NCTL",6,5,19.87,21.597,0,0.845046280425094,0,0,2,3,1,"bouzas maneiro j.","vondrousova m.",1,1,1.4,1.4,1520.34830591377,1500,3214
"2024-wimbledon-2116","wimbledon",2024,"0:54:11",83,"Jessica Bouzas Maneiro","Marketa Vondrousova",98,1,2,2,"W","CTL",3,5,18.62,14.728,0,0.974288652725403,0,0,2,3,1,"bouzas maneiro j.","vondrousova m.",1,1,1.4,1.4,1520.34830591377,1500,3251
"2024-wimbledon-2116","wimbledon",2024,"0:54:36",84,"Jessica Bouzas Maneiro","Marketa Vondrousova",89,2,2,2,"C","NCTL",5,5,19.279,16.561,1,0.884813164209804,0,0,2,3,1,"bouzas maneiro j.","vondrousova m.",1,1,1.4,1.4,1520.34830591377,1500,3276
"2024-wimbledon-2116","wimbledon",2024,"0:55:15",85,"Jessica Bouzas Maneiro","Marketa Vondrousova",88,2,2,1,"BC","NCTL",4,5,16.777,16.172,0,0.874871443263627,0,0,2,3,1,"bouzas maneiro j.","vondrousova m.",1,1,1.4,1.4,1520.34830591377,1500,3315
"2024-wimbledon-2116","wimbledon",2024,"0:55:52",86,"Jessica Bouzas Maneiro","Marketa Vondrousova",92,2,2,2,"C","NCTL",5,5,16.043,14.005,1,0.914638327048337,0,0,2,3,1,"bouzas maneiro j.","vondrousova m.",1,1,1.4,1.4,1520.34830591377,1500,3352
"2024-wimbledon-2116","wimbledon",2024,"0:56:32",87,"Jessica Bouzas Maneiro","Marketa Vondrousova",96,2,2,2,"BC","NCTL",7,5,32.809,35.509,1,0.954405210833048,0,0,2,3,2,"bouzas maneiro j.","vondrousova m.",1,1,1.4,1.4,1520.34830591377,1500,3392
"2024-wimbledon-2116","wimbledon",2024,"0:58:26",88,"Jessica Bouzas Maneiro","Marketa Vondrousova",102,1,1,1,"BC","NCTL",3,6,11.875,13.302,1,1.0617626648161,0,0,2,3,2,"bouzas maneiro j.","vondrousova m.",1,1,1.4,1.4,1520.34830591377,1500,3506
"2024-wimbledon-2116","wimbledon",2024,"0:58:47",89,"Jessica Bouzas Maneiro","Marketa Vondrousova",99,1,1,1,"BC","NCTL",1,6,3.994,5.121,1,1.03053435114504,0,0,2,3,2,"bouzas maneiro j.","vondrousova m.",1,1,1.4,1.4,1520.34830591377,1500,3527
"2024-wimbledon-2116","wimbledon",2024,"0:59:06",90,"Jessica Bouzas Maneiro","Marketa Vondrousova",109,1,1,1,"BC","NCTL",5,6,14.382,13.433,1,1.13462873004858,0,0,2,3,2,"bouzas maneiro j.","vondrousova m.",1,1,1.4,1.4,1520.34830591377,1500,3546
"2024-wimbledon-2116","wimbledon",2024,"0:59:32",91,"Jessica Bouzas Maneiro","Marketa Vondrousova",82,2,1,2,"B","NCTL",6,6,24.868,27.604,1,0.853573907009022,0,0,2,3,2,"bouzas maneiro j.","vondrousova m.",1,1,1.4,1.4,1520.34830591377,1500,3572
"2024-wimbledon-2116","wimbledon",2024,"1:00:51",93,"Jessica Bouzas Maneiro","Marketa Vondrousova",83,1,1,1,"BC","NCTL",3,6,10.893,11.802,1,0.863983344899375,0,0,2,4,2,"bouzas maneiro j.","vondrousova m.",1,1,1.4,1.4,1520.34830591377,1500,3651
"2024-wimbledon-2116","wimbledon",2024,"1:01:40",94,"Jessica Bouzas Maneiro","Marketa Vondrousova",103,1,2,2,"BC","NCTL",5,7,26.93,22.767,0,1.02399725745629,0,0,2,4,2,"bouzas maneiro j.","vondrousova m.",1,1,1.4,1.4,1520.34830591377,1500,3700
"2024-wimbledon-2116","wimbledon",2024,"1:02:36",96,"Jessica Bouzas Maneiro","Marketa Vondrousova",97,1,2,2,"BC","NCTL",1,7,6.286,5.862,0,0.964346931779225,0,0,2,4,2,"bouzas maneiro j.","vondrousova m.",1,1,1.4,1.4,1520.34830591377,1500,3756
"2024-wimbledon-2116","wimbledon",2024,"1:02:55",97,"Jessica Bouzas Maneiro","Marketa Vondrousova",89,1,2,1,"BW","NCTL",4,7,16.658,14.767,1,0.884813164209804,0,0,2,4,2,"bouzas maneiro j.","vondrousova m.",1,1,1.4,1.4,1520.34830591377,1500,3775
"2024-wimbledon-2116","wimbledon",2024,"1:03:20",98,"Jessica Bouzas Maneiro","Marketa Vondrousova",91,2,2,1,"C","NCTL",4,7,16.473,14.565,0,0.90469660610216,0,0,2,4,2,"bouzas maneiro j.","vondrousova m.",1,1,1.4,1.4,1520.34830591377,1500,3800
"2024-wimbledon-2116","wimbledon",2024,"1:03:58",99,"Jessica Bouzas Maneiro","Marketa Vondrousova",93,2,2,1,"BC","CTL",6,7,24.616,23.616,0,0.924580047994515,1,0,2,5,2,"bouzas maneiro j.","vondrousova m.",3,1.8,1.4,7.56,1520.34830591377,1500,3838
"2024-wimbledon-2116","wimbledon",2024,"1:05:49",100,"Jessica Bouzas Maneiro","Marketa Vondrousova",79,2,1,1,"BW","NCTL",1,8,6.248,4.93,0,0.82234559333796,0,0,2,5,2,"bouzas maneiro j.","vondrousova m.",1,1.8,1.4,2.52,1520.34830591377,1500,3949
"2024-wimbledon-2116","wimbledon",2024,"1:06:17",101,"Jessica Bouzas Maneiro","Marketa Vondrousova",63,2,1,2,"BC","NCTL",2,8,9.547,6.875,1,0.655794587092297,0,0,2,5,2,"bouzas maneiro j.","vondrousova m.",1,1.8,1.4,2.52,1520.34830591377,1500,3977
"2024-wimbledon-2116","wimbledon",2024,"1:06:51",102,"Jessica Bouzas Maneiro","Marketa Vondrousova",73,2,1,1,"BC","NCTL",3,8,10.633,12.293,0,0.759888965995836,0,0,2,5,2,"bouzas maneiro j.","vondrousova m.",1,1.8,1.4,2.52,1520.34830591377,1500,4011
"2024-wimbledon-2116","wimbledon",2024,"1:07:25",103,"Jessica Bouzas Maneiro","Marketa Vondrousova",100,1,1,1,"BC","CTL",3,8,5.977,7.657,1,1.04094378903539,0,0,2,5,2,"bouzas maneiro j.","vondrousova m.",1,1.8,1.4,2.52,1520.34830591377,1500,4045
"2024-wimbledon-2116","wimbledon",2024,"1:07:54",104,"Jessica Bouzas Maneiro","Marketa Vondrousova",92,1,1,1,"BW","NCTL",7,8,26.991,24.436,1,0.957668285912561,0,0,2,6,2,"bouzas maneiro j.","vondrousova m.",1,1.8,1.4,2.52,1520.34830591377,1500,4074
"2024-wimbledon-2129","wimbledon",2024,"0:00:00",1,"Katie Boulter","Tatjana Maria",91,1,2,2,"W","CTL",1,1,5.533,4.882,0,0.88648111332008,0,0,1,0,0,"boulter k.","maria t.",1,1,1,1,1517.09257696757,1500,0
"2024-wimbledon-2129","wimbledon",2024,"0:00:17",2,"Katie Boulter","Tatjana Maria",100,1,2,1,"C","NCTL",2,1,6.549,5.06,1,0.974155069582505,0,0,1,0,0,"boulter k.","maria t.",1,1,1,1,1517.09257696757,1500,17
"2024-wimbledon-2129","wimbledon",2024,"0:00:34",3,"Katie Boulter","Tatjana Maria",109,1,2,2,"C","CTL",1,1,6.805,5.419,0,1.06182902584493,0,0,1,0,0,"boulter k.","maria t.",1,1,1,1,1517.09257696757,1500,34
"2024-wimbledon-2129","wimbledon",2024,"0:00:52",4,"Katie Boulter","Tatjana Maria",106,1,2,1,"C","NCTL",4,1,14.26,15.549,1,1.03260437375746,0,0,1,0,0,"boulter k.","maria t.",1,1,1,1,1517.09257696757,1500,52
"2024-wimbledon-2129","wimbledon",2024,"0:01:20",5,"Katie Boulter","Tatjana Maria",83,2,2,2,"BC","NCTL",1,1,4.435,5.853,1,0.808548707753479,0,0,1,0,0,"boulter k.","maria t.",1,1,1,1,1517.09257696757,1500,80
"2024-wimbledon-2129","wimbledon",2024,"0:01:48",6,"Katie Boulter","Tatjana Maria",109,1,2,2,"C","NCTL",1,1,0.948,1.043,0,1.06182902584493,0,0,1,0,1,"boulter k.","maria t.",1,1,1,1,1517.09257696757,1500,108
"2024-wimbledon-2129","wimbledon",2024,"0:02:48",7,"Katie Boulter","Tatjana Maria",88,2,1,2,"W","CTL",4,2,19.578,14.182,1,0.841365853658537,0,0,1,0,1,"boulter k.","maria t.",1,1,1,1,1517.09257696757,1500,168
"2024-wimbledon-2129","wimbledon",2024,"0:04:03",9,"Katie Boulter","Tatjana Maria",92,2,1,2,"B","NCTL",10,2,39.531,39.102,1,0.879609756097561,0,0,1,0,1,"boulter k.","maria t.",1,1,1,1,1517.09257696757,1500,243
"2024-wimbledon-2129","wimbledon",2024,"0:04:58",10,"Katie Boulter","Tatjana Maria",95,2,1,2,"C","NCTL",4,2,15.025,18.983,1,0.908292682926829,0,1,1,0,2,"boulter k.","maria t.",3,1,1,3,1517.09257696757,1500,298
"2024-wimbledon-2129","wimbledon",2024,"0:05:45",11,"Katie Boulter","Tatjana Maria",79,2,2,2,"BC","NCTL",1,3,4.149,6.265,1,0.769582504970179,0,0,1,0,2,"boulter k.","maria t.",1,1,1,1,1517.09257696757,1500,345
"2024-wimbledon-2129","wimbledon",2024,"0:06:12",12,"Katie Boulter","Tatjana Maria",108,1,2,2,"C","NCTL",5,3,20.3,21.967,0,1.05208747514911,0,0,1,0,2,"boulter k.","maria t.",1,1,1,1,1517.09257696757,1500,372
"2024-wimbledon-2129","wimbledon",2024,"0:06:40",13,"Katie Boulter","Tatjana Maria",112,1,2,2,"C","NCTL",5,3,14.289,15.772,0,1.09105367793241,0,0,1,0,2,"boulter k.","maria t.",1,1,1,1,1517.09257696757,1500,400
"2024-wimbledon-2129","wimbledon",2024,"0:07:05",14,"Katie Boulter","Tatjana Maria",78,2,2,2,"BW","NCTL",5,3,19.668,16.07,1,0.759840954274354,0,0,1,0,3,"boulter k.","maria t.",1,1,1,1,1517.09257696757,1500,425
"2024-wimbledon-2129","wimbledon",2024,"0:08:54",15,"Katie Boulter","Tatjana Maria",91,2,1,1,"W","CTL",1,4,3.354,4.102,0,0.870048780487805,0,0,1,0,3,"boulter k.","maria t.",1,1,1,1,1517.09257696757,1500,534
"2024-wimbledon-2129","wimbledon",2024,"0:09:26",16,"Katie Boulter","Tatjana Maria",102,1,1,1,"BW","NCTL",3,4,16.043,16.207,1,0.975219512195122,0,0,1,0,3,"boulter k.","maria t.",1,1,1,1,1517.09257696757,1500,566
"2024-wimbledon-2129","wimbledon",2024,"0:09:54",17,"Katie Boulter","Tatjana Maria",107,1,1,1,"C","CTL",1,4,0.851,0.704,1,1.0230243902439,0,0,1,0,3,"boulter k.","maria t.",1,1,1,1,1517.09257696757,1500,594
"2024-wimbledon-2129","wimbledon",2024,"0:11:01",19,"Katie Boulter","Tatjana Maria",106,1,1,1,"C","NCTL",1,4,5.506,6.624,1,1.01346341463415,0,0,1,1,3,"boulter k.","maria t.",1,1,1,1,1517.09257696757,1500,661
"2024-wimbledon-2129","wimbledon",2024,"0:11:31",20,"Katie Boulter","Tatjana Maria",95,1,2,2,"W","CTL",3,5,17.741,10.866,0,0.92544731610338,0,0,1,1,3,"boulter k.","maria t.",1,1,1,1,1517.09257696757,1500,691
"2024-wimbledon-2129","wimbledon",2024,"0:11:51",21,"Katie Boulter","Tatjana Maria",95,1,2,2,"C","CTL",1,5,2.015,1.291,0,0.92544731610338,0,0,1,1,3,"boulter k.","maria t.",1,1,1,1,1517.09257696757,1500,711
"2024-wimbledon-2129","wimbledon",2024,"0:12:09",22,"Katie Boulter","Tatjana Maria",100,1,2,1,"BW","NCTL",6,5,21.206,22.749,1,0.974155069582505,0,0,1,1,3,"boulter k.","maria t.",1,1,1,1,1517.09257696757,1500,729
"2024-wimbledon-2129","wimbledon",2024,"0:12:52",23,"Katie Boulter","Tatjana Maria",109,1,2,2,"W","NCTL",7,5,32.871,37.531,0,1.06182902584493,0,0,1,1,3,"boulter k.","maria t.",1,1,1,1,1517.09257696757,1500,772
"2024-wimbledon-2129","wimbledon",2024,"0:13:43",24,"Katie Boulter","Tatjana Maria",112,1,2,2,"C","NCTL",1,5,0.84,0.935,0,1.09105367793241,0,0,1,1,4,"boulter k.","maria t.",1,1,1,1,1517.09257696757,1500,823
"2024-wimbledon-2129","wimbledon",2024,"0:15:25",25,"Katie Boulter","Tatjana Maria",103,1,1,1,"W","CTL",7,6,25.526,34.009,1,0.984780487804878,0,0,1,1,4,"boulter k.","maria t.",1,1,1,1,1517.09257696757,1500,925
"2024-wimbledon-2129","wimbledon",2024,"0:16:38",27,"Katie Boulter","Tatjana Maria",104,1,1,1,"BW","NCTL",15,6,49.008,57.647,1,0.994341463414634,0,0,1,1,4,"boulter k.","maria t.",1,1,1,1,1517.09257696757,1500,998
"2024-wimbledon-2129","wimbledon",2024,"0:18:03",29,"Katie Boulter","Tatjana Maria",96,2,1,2,"BC","NCTL",2,6,11.807,14.819,1,0.917853658536585,0,0,1,1,4,"boulter k.","maria t.",1,1,1,1,1517.09257696757,1500,1083
"2024-wimbledon-2129","wimbledon",2024,"0:18:42",30,"Katie Boulter","Tatjana Maria",94,2,1,2,"C","NCTL",6,6,26.723,25.246,1,0.898731707317073,0,0,1,1,4,"boulter k.","maria t.",1,1,1,1,1517.09257696757,1500,1122
"2024-wimbledon-2129","wimbledon",2024,"0:19:34",31,"Katie Boulter","Tatjana Maria",97,2,1,1,"BC","NCTL",9,6,31.287,41.108,0,0.927414634146342,0,0,1,1,4,"boulter k.","maria t.",1,1,1,1,1517.09257696757,1500,1174
"2024-wimbledon-2129","wimbledon",2024,"0:20:26",32,"Katie Boulter","Tatjana Maria",102,1,1,1,"BW","NCTL",3,6,9.689,10.78,1,0.975219512195122,0,0,1,2,4,"boulter k.","maria t.",1,1,1,1,1517.09257696757,1500,1226
"2024-wimbledon-2129","wimbledon",2024,"0:20:58",33,"Katie Boulter","Tatjana Maria",82,2,2,2,"B","NCTL",1,7,4.412,5.009,1,0.798807157057654,0,0,1,2,4,"boulter k.","maria t.",1,1,1,1,1517.09257696757,1500,1258
"2024-wimbledon-2129","wimbledon",2024,"0:21:27",34,"Katie Boulter","Tatjana Maria",86,2,2,1,"BC","NCTL",12,7,31.213,40.715,0,0.837773359840954,0,0,1,2,4,"boulter k.","maria t.",1,1,1,1,1517.09257696757,1500,1287
"2024-wimbledon-2129","wimbledon",2024,"0:22:16",35,"Katie Boulter","Tatjana Maria",82,2,2,1,"BC","NCTL",4,7,22.016,24.508,0,0.798807157057654,0,0,1,2,4,"boulter k.","maria t.",1,1,1,1,1517.09257696757,1500,1336
"2024-wimbledon-2129","wimbledon",2024,"0:23:01",36,"Katie Boulter","Tatjana Maria",81,2,2,1,"B","NCTL",6,7,18.402,22.372,0,0.789065606361829,0,0,1,2,4,"boulter k.","maria t.",1,1,1,1,1517.09257696757,1500,1381
"2024-wimbledon-2129","wimbledon",2024,"0:23:44",37,"Katie Boulter","Tatjana Maria",92,1,2,1,"W","NCTL",10,7,33.895,31.702,1,0.896222664015905,1,0,1,3,4,"boulter k.","maria t.",3,1,1,3,1517.09257696757,1500,1424
"2024-wimbledon-2129","wimbledon",2024,"0:25:35",38,"Katie Boulter","Tatjana Maria",107,1,1,1,"C","NCTL",1,8,4.026,5.502,1,1.0230243902439,0,0,1,3,4,"boulter k.","maria t.",1,1,1,1,1517.09257696757,1500,1535
"2024-wimbledon-2129","wimbledon",2024,"0:25:54",39,"Katie Boulter","Tatjana Maria",93,2,1,2,"BC","NCTL",10,8,37.846,38.13,1,0.889170731707317,0,0,1,3,4,"boulter k.","maria t.",1,1,1,1,1517.09257696757,1500,1554
"2024-wimbledon-2129","wimbledon",2024,"0:26:53",40,"Katie Boulter","Tatjana Maria",94,2,1,2,"BC","NCTL",4,8,30.843,28.12,1,0.898731707317073,0,0,1,3,4,"boulter k.","maria t.",1,1,1,1,1517.09257696757,1500,1613
"2024-wimbledon-2129","wimbledon",2024,"0:27:58",41,"Katie Boulter","Tatjana Maria",93,2,1,1,"BC","NCTL",1,8,8.999,8.735,0,0.889170731707317,0,0,1,3,4,"boulter k.","maria t.",1,1,1,1,1517.09257696757,1500,1678
"2024-wimbledon-2129","wimbledon",2024,"0:28:38",42,"Katie Boulter","Tatjana Maria",109,1,1,2,"C","NCTL",2,8,9.893,10.691,0,1.04214634146341,0,0,1,3,4,"boulter k.","maria t.",1,1,1,1,1517.09257696757,1500,1718
"2024-wimbledon-2129","wimbledon",2024,"0:29:02",43,"Katie Boulter","Tatjana Maria",105,1,1,1,"W","CTL",1,8,10.616,12.119,1,1.00390243902439,0,1,1,3,4,"boulter k.","maria t.",3,1,1,3,1517.09257696757,1500,1742
"2024-wimbledon-2129","wimbledon",2024,"0:29:29",44,"Katie Boulter","Tatjana Maria",89,2,1,2,"B","NCTL",6,8,26.05,28.893,1,0.850926829268293,0,0,1,3,4,"boulter k.","maria t.",1,1,1,1,1517.09257696757,1500,1769
"2024-wimbledon-2129","wimbledon",2024,"0:30:17",45,"Katie Boulter","Tatjana Maria",91,2,1,1,"B","NCTL",3,8,7.563,10.175,0,0.870048780487805,0,1,1,3,4,"boulter k.","maria t.",3,1,1,3,1517.09257696757,1500,1817
"2024-wimbledon-2129","wimbledon",2024,"0:30:59",46,"Katie Boulter","Tatjana Maria",94,2,1,1,"B","NCTL",9,8,28.633,36.211,0,0.898731707317073,0,0,1,3,4,"boulter k.","maria t.",1,1,1,1,1517.09257696757,1500,1859
"2024-wimbledon-2129","wimbledon",2024,"0:31:55",47,"Katie Boulter","Tatjana Maria",95,2,1,1,"BC","NCTL",9,8,29.913,34.155,0,0.908292682926829,0,0,1,4,4,"boulter k.","maria t.",1,1,1,1,1517.09257696757,1500,1915
"2024-wimbledon-2129","wimbledon",2024,"0:33:18",48,"Katie Boulter","Tatjana Maria",88,2,2,2,"B","NCTL",1,9,3.297,4.481,1,0.857256461232604,0,0,1,4,4,"boulter k.","maria t.",1,1,1,1,1517.09257696757,1500,1998
"2024-wimbledon-2129","wimbledon",2024,"0:33:46",49,"Katie Boulter","Tatjana Maria",106,1,2,2,"BW","NCTL",1,9,9.756,11.096,0,1.03260437375746,0,0,1,4,4,"boulter k.","maria t.",1,1,1,1,1517.09257696757,1500,2026
"2024-wimbledon-2129","wimbledon",2024,"0:34:06",50,"Katie Boulter","Tatjana Maria",87,2,2,2,"BW","NCTL",7,9,61.316,54.467,1,0.847514910536779,0,0,1,4,4,"boulter k.","maria t.",1,1,1,1,1517.09257696757,1500,2046
"2024-wimbledon-2129","wimbledon",2024,"0:35:07",51,"Katie Boulter","Tatjana Maria",81,2,2,2,"BW","NCTL",3,9,10.099,12.211,1,0.789065606361829,0,0,1,4,5,"boulter k.","maria t.",1,1.8,1,1.8,1517.09257696757,1500,2107
"2024-wimbledon-2129","wimbledon",2024,"0:37:03",52,"Katie Boulter","Tatjana Maria",97,1,1,2,"B","NCTL",8,10,33.823,30.363,0,0.927414634146342,0,0,1,4,5,"boulter k.","maria t.",1,1.8,1,1.8,1517.09257696757,1500,2223
"2024-wimbledon-2129","wimbledon",2024,"0:37:46",53,"Katie Boulter","Tatjana Maria",105,1,1,1,"W","NCTL",3,10,8.873,9.824,1,1.00390243902439,0,0,1,4,5,"boulter k.","maria t.",1,1.8,1,1.8,1517.09257696757,1500,2266
"2024-wimbledon-2129","wimbledon",2024,"0:38:16",54,"Katie Boulter","Tatjana Maria",97,2,1,1,"B","NCTL",9,10,30.483,37.545,0,0.927414634146342,0,0,1,4,5,"boulter k.","maria t.",1,1.8,1,1.8,1517.09257696757,1500,2296
"2024-wimbledon-2129","wimbledon",2024,"0:39:07",55,"Katie Boulter","Tatjana Maria",92,2,1,2,"B","NCTL",2,10,10.008,10.064,1,0.879609756097561,0,0,1,4,5,"boulter k.","maria t.",1,1.8,1,1.8,1517.09257696757,1500,2347
"2024-wimbledon-2129","wimbledon",2024,"0:39:53",56,"Katie Boulter","Tatjana Maria",107,1,1,1,"C","NCTL",3,10,7.639,8.648,1,1.0230243902439,0,0,1,4,5,"boulter k.","maria t.",1,1.8,1,1.8,1517.09257696757,1500,2393
"2024-wimbledon-2129","wimbledon",2024,"0:40:20",57,"Katie Boulter","Tatjana Maria",92,2,1,1,"BC","NCTL",11,10,34.185,43.707,0,0.879609756097561,0,0,1,5,5,"boulter k.","maria t.",1,1.8,1,1.8,1517.09257696757,1500,2420
"2024-wimbledon-2129","wimbledon",2024,"0:41:22",58,"Katie Boulter","Tatjana Maria",102,1,2,1,"W","NCTL",4,11,30.542,25.473,1,0.993638170974155,0,0,1,5,5,"boulter k.","maria t.",1,1.8,1,1.8,1517.09257696757,1500,2482
"2024-wimbledon-2129","wimbledon",2024,"0:41:57",59,"Katie Boulter","Tatjana Maria",89,2,2,1,"C","NCTL",2,11,8.524,9.791,0,0.86699801192843,0,0,1,5,5,"boulter k.","maria t.",1,1.8,1,1.8,1517.09257696757,1500,2517
"2024-wimbledon-2129","wimbledon",2024,"0:42:46",60,"Katie Boulter","Tatjana Maria",81,2,2,2,"C","NCTL",5,11,19.137,23.882,1,0.789065606361829,0,0,1,5,5,"boulter k.","maria t.",1,1.8,1,1.8,1517.09257696757,1500,2566
"2024-wimbledon-2129","wimbledon",2024,"0:43:27",61,"Katie Boulter","Tatjana Maria",100,1,2,2,"C","CTL",1,11,1,1.088,0,0.974155069582505,0,0,1,5,5,"boulter k.","maria t.",1,1.8,1,1.8,1517.09257696757,1500,2607
"2024-wimbledon-2129","wimbledon",2024,"0:43:56",62,"Katie Boulter","Tatjana Maria",83,2,2,1,"BC","NCTL",12,11,51.905,47.809,0,0.808548707753479,0,0,1,5,5,"boulter k.","maria t.",1,1.8,1,1.8,1517.09257696757,1500,2636
"2024-wimbledon-2129","wimbledon",2024,"0:44:57",63,"Katie Boulter","Tatjana Maria",75,2,2,2,"BW","NCTL",1,11,4.266,4.974,1,0.730616302186879,1,0,1,5,5,"boulter k.","maria t.",3,1.8,1,5.4,1517.09257696757,1500,2697
"2024-wimbledon-2129","wimbledon",2024,"0:45:29",64,"Katie Boulter","Tatjana Maria",115,1,2,2,"C","CTL",17,11,61.703,60.259,0,1.12027833001988,0,0,1,5,5,"boulter k.","maria t.",1,1.8,1,1.8,1517.09257696757,1500,2729
"2024-wimbledon-2129","wimbledon",2024,"0:46:23",65,"Katie Boulter","Tatjana Maria",76,2,2,2,"B","NCTL",11,11,32.914,36.438,1,0.740357852882704,0,0,1,5,6,"boulter k.","maria t.",1,1.8,1,1.8,1517.09257696757,1500,2783
"2024-wimbledon-2129","wimbledon",2024,"0:48:34",66,"Katie Boulter","Tatjana Maria",99,1,1,1,"BW","NCTL",1,12,7.415,8.031,1,0.946536585365854,0,0,1,5,6,"boulter k.","maria t.",1,1.8,1,1.8,1517.09257696757,1500,2914
"2024-wimbledon-2129","wimbledon",2024,"0:49:18",67,"Katie Boulter","Tatjana Maria",104,1,1,1,"BC","NCTL",3,12,9.052,9.8,1,0.994341463414634,0,0,1,5,6,"boulter k.","maria t.",1,1.8,1,1.8,1517.09257696757,1500,2958
"2024-wimbledon-2129","wimbledon",2024,"0:49:47",68,"Katie Boulter","Tatjana Maria",104,1,1,1,"C","NCTL",5,12,21.641,20.452,1,0.994341463414634,0,0,1,5,6,"boulter k.","maria t.",1,1.8,1,1.8,1517.09257696757,1500,2987
"2024-wimbledon-2129","wimbledon",2024,"0:50:22",69,"Katie Boulter","Tatjana Maria",94,2,1,2,"BW","NCTL",2,12,6.332,8.332,1,0.898731707317073,0,0,1,5,6,"boulter k.","maria t.",1,1.8,1,1.8,1517.09257696757,1500,3022
"2024-wimbledon-2129","wimbledon",2024,"0:51:17",70,"Katie Boulter","Tatjana Maria",106,1,1,2,"C","CTL",4,12,20.157,19.671,0,1.01346341463415,0,0,1,5,6,"boulter k.","maria t.",1,1.8,1,1.8,1517.09257696757,1500,3077
"2024-wimbledon-2129","wimbledon",2024,"0:51:52",71,"Katie Boulter","Tatjana Maria",108,1,1,2,"B","CTL",2,12,9.287,9.327,0,1.03258536585366,0,0,1,5,6,"boulter k.","maria t.",1,1.8,1,1.8,1517.09257696757,1500,3112
"2024-wimbledon-2129","wimbledon",2024,"0:52:19",72,"Katie Boulter","Tatjana Maria",105,1,1,1,"C","NCTL",3,12,9.138,8.796,1,1.00390243902439,0,0,1,5,6,"boulter k.","maria t.",1,1.8,1,1.8,1517.09257696757,1500,3139
"2024-wimbledon-2129","wimbledon",2024,"0:52:48",73,"Katie Boulter","Tatjana Maria",94,2,1,1,"BC","NCTL",5,12,11.852,12.615,0,0.898731707317073,0,0,1,6,6,"boulter k.","maria t.",1,1.8,1,1.8,1517.09257696757,1500,3168
"2024-wimbledon-2129","wimbledon",2024,"0:53:41",74,"Katie Boulter","Tatjana Maria",103,1,2,1,"BW","NCTL",2,13,16.72,15.456,1,1.00337972166998,0,0,1,6,6,"boulter k.","maria t.",1,1.8,1,1.8,1517.09257696757,1500,3221
"2024-wimbledon-2129","wimbledon",2024,"0:54:16",75,"Katie Boulter","Tatjana Maria",94,2,1,1,"B","NCTL",3,13,10.146,11.165,0,0.898731707317073,0,0,1,6,6,"boulter k.","maria t.",1,1.8,1,1.8,1517.09257696757,1500,3256
"2024-wimbledon-2129","wimbledon",2024,"0:55:11",76,"Katie Boulter","Tatjana Maria",106,1,1,2,"BW","NCTL",6,13,17.919,22.883,0,1.01346341463415,0,0,1,6,6,"boulter k.","maria t.",1,1.8,1,1.8,1517.09257696757,1500,3311
"2024-wimbledon-2129","wimbledon",2024,"0:55:48",77,"Katie Boulter","Tatjana Maria",109,1,2,2,"C","NCTL",3,13,12.862,11.161,0,1.06182902584493,0,0,1,6,6,"boulter k.","maria t.",1,1.8,1,1.8,1517.09257696757,1500,3348
"2024-wimbledon-2129","wimbledon",2024,"0:56:15",78,"Katie Boulter","Tatjana Maria",79,2,2,2,"BC","NCTL",15,13,65.47,61.169,1,0.769582504970179,0,0,1,6,6,"boulter k.","maria t.",1,1.8,1,1.8,1517.09257696757,1500,3375
"2024-wimbledon-2129","wimbledon",2024,"0:57:26",79,"Katie Boulter","Tatjana Maria",89,2,1,1,"BC","CTL",3,13,12.861,18.371,0,0.850926829268293,0,0,1,6,6,"boulter k.","maria t.",1,1.8,1,1.8,1517.09257696757,1500,3446
"2024-wimbledon-2129","wimbledon",2024,"0:58:51",80,"Katie Boulter","Tatjana Maria",93,2,1,2,"B","NCTL",4,13,11.619,15.138,1,0.889170731707317,0,0,1,6,6,"boulter k.","maria t.",1,1.8,1,1.8,1517.09257696757,1500,3531
"2024-wimbledon-2129","wimbledon",2024,"0:59:35",81,"Katie Boulter","Tatjana Maria",71,2,2,1,"W","CTL",2,13,5.306,6.1,0,0.691650099403579,0,0,1,6,6,"boulter k.","maria t.",1,1.8,1,1.8,1517.09257696757,1500,3575
"2024-wimbledon-2129","wimbledon",2024,"1:00:07",82,"Katie Boulter","Tatjana Maria",108,1,2,2,"BC","NCTL",5,13,17.271,20.817,0,1.05208747514911,0,0,1,6,6,"boulter k.","maria t.",1,1.8,1,1.8,1517.09257696757,1500,3607
"2024-wimbledon-2129","wimbledon",2024,"1:00:48",83,"Katie Boulter","Tatjana Maria",94,2,1,1,"C","NCTL",1,13,4.177,5.081,0,0.898731707317073,0,0,1,6,6,"boulter k.","maria t.",1,1.8,1,1.8,1517.09257696757,1500,3648
"2024-wimbledon-2129","wimbledon",2024,"1:01:24",84,"Katie Boulter","Tatjana Maria",109,1,1,1,"C","NCTL",1,13,2.183,2.476,1,1.04214634146341,0,0,1,6,6,"boulter k.","maria t.",1,1.8,1,1.8,1517.09257696757,1500,3684
"2024-wimbledon-2129","wimbledon",2024,"1:01:56",85,"Katie Boulter","Tatjana Maria",112,1,2,2,"C","CTL",11,13,38.544,37.537,0,1.09105367793241,0,0,1,6,6,"boulter k.","maria t.",1,1.8,1,1.8,1517.09257696757,1500,3716
"2024-wimbledon-2129","wimbledon",2024,"1:03:20",86,"Katie Boulter","Tatjana Maria",77,2,2,1,"B","NCTL",6,13,23.844,22.662,0,0.750099403578529,0,0,1,6,6,"boulter k.","maria t.",1,1.8,1,1.8,1517.09257696757,1500,3800
"2024-wimbledon-2129","wimbledon",2024,"1:04:46",87,"Katie Boulter","Tatjana Maria",103,1,1,1,"C","NCTL",15,13,66.845,55.736,1,0.984780487804878,0,0,1,7,6,"boulter k.","maria t.",1,1.8,1,1.8,1517.09257696757,1500,3886
"2024-wimbledon-2129","wimbledon",2024,"1:07:59",88,"Katie Boulter","Tatjana Maria",96,2,1,2,"BW","NCTL",4,1,13.203,11.482,1,0.917853658536585,0,0,2,0,0,"boulter k.","maria t.",1,1,1.4,1.4,1517.09257696757,1500,4079
"2024-wimbledon-2129","wimbledon",2024,"1:08:57",89,"Katie Boulter","Tatjana Maria",103,1,1,2,"BW","NCTL",4,1,16.449,17.572,0,0.984780487804878,0,0,2,0,0,"boulter k.","maria t.",1,1,1.4,1.4,1517.09257696757,1500,4137
"2024-wimbledon-2129","wimbledon",2024,"1:09:28",90,"Katie Boulter","Tatjana Maria",97,1,1,1,"W","CTL",1,1,8.102,10.916,1,0.927414634146342,0,0,2,0,0,"boulter k.","maria t.",1,1,1.4,1.4,1517.09257696757,1500,4168
"2024-wimbledon-2129","wimbledon",2024,"1:09:52",91,"Katie Boulter","Tatjana Maria",96,2,1,1,"BC","NCTL",3,1,9.654,10.614,0,0.917853658536585,0,0,2,0,0,"boulter k.","maria t.",1,1,1.4,1.4,1517.09257696757,1500,4192
"2024-wimbledon-2129","wimbledon",2024,"1:10:31",92,"Katie Boulter","Tatjana Maria",103,1,1,2,"W","CTL",8,1,26.651,32.262,0,0.984780487804878,0,0,2,0,0,"boulter k.","maria t.",1,1,1.4,1.4,1517.09257696757,1500,4231
"2024-wimbledon-2129","wimbledon",2024,"1:11:11",93,"Katie Boulter","Tatjana Maria",105,1,1,1,"W","CTL",5,1,22.028,23.971,1,1.00390243902439,0,1,2,0,0,"boulter k.","maria t.",3,1,1.4,4.2,1517.09257696757,1500,4271
"2024-wimbledon-2129","wimbledon",2024,"1:12:22",95,"Katie Boulter","Tatjana Maria",94,2,1,2,"BC","NCTL",6,1,22.756,24.703,1,0.898731707317073,0,1,2,0,1,"boulter k.","maria t.",3,1,1.4,4.2,1517.09257696757,1500,4342
"2024-wimbledon-2129","wimbledon",2024,"1:14:25",96,"Katie Boulter","Tatjana Maria",86,2,2,1,"BW","NCTL",4,2,18.58,16.042,0,0.837773359840954,0,0,2,0,1,"boulter k.","maria t.",1,1,1.4,1.4,1517.09257696757,1500,4465
"2024-wimbledon-2129","wimbledon",2024,"1:14:58",97,"Katie Boulter","Tatjana Maria",89,2,2,1,"BC","CTL",14,2,47.521,54.347,0,0.86699801192843,0,0,2,0,1,"boulter k.","maria t.",1,1,1.4,1.4,1517.09257696757,1500,4498
"2024-wimbledon-2129","wimbledon",2024,"1:15:58",98,"Katie Boulter","Tatjana Maria",101,1,2,2,"C","NCTL",1,2,1.49,1.146,0,0.98389662027833,0,0,2,0,1,"boulter k.","maria t.",1,1,1.4,1.4,1517.09257696757,1500,4558
"2024-wimbledon-2129","wimbledon",2024,"1:16:21",99,"Katie Boulter","Tatjana Maria",98,1,2,1,"BW","NCTL",4,2,11.294,12.339,1,0.954671968190855,0,0,2,0,1,"boulter k.","maria t.",1,1,1.4,1.4,1517.09257696757,1500,4581
"2024-wimbledon-2129","wimbledon",2024,"1:16:49",100,"Katie Boulter","Tatjana Maria",107,1,2,2,"C","NCTL",1,2,6.446,4.6,0,1.04234592445328,1,0,2,0,1,"boulter k.","maria t.",3,1,1.4,4.2,1517.09257696757,1500,4609
"2024-wimbledon-2129","wimbledon",2024,"1:17:11",101,"Katie Boulter","Tatjana Maria",102,1,2,2,"C","CTL",5,2,15.693,19.087,0,0.993638170974155,1,0,2,0,1,"boulter k.","maria t.",3,1,1.4,4.2,1517.09257696757,1500,4631
"2024-wimbledon-2129","wimbledon",2024,"1:17:41",102,"Katie Boulter","Tatjana Maria",81,2,2,1,"BC","NCTL",2,2,8,7.527,0,0.789065606361829,0,0,2,0,1,"boulter k.","maria t.",1,1,1.4,1.4,1517.09257696757,1500,4661
"2024-wimbledon-2129","wimbledon",2024,"1:18:17",103,"Katie Boulter","Tatjana Maria",82,2,2,2,"BC","NCTL",3,2,8.313,8.819,1,0.798807157057654,1,0,2,0,1,"boulter k.","maria t.",3,1,1.4,4.2,1517.09257696757,1500,4697
"2024-wimbledon-2129","wimbledon",2024,"1:18:52",104,"Katie Boulter","Tatjana Maria",80,2,2,2,"C","NCTL",1,2,5.457,4.96,1,0.779324055666004,0,0,2,0,1,"boulter k.","maria t.",1,1,1.4,1.4,1517.09257696757,1500,4732
"2024-wimbledon-2129","wimbledon",2024,"1:19:23",105,"Katie Boulter","Tatjana Maria",106,1,2,1,"C","CTL",6,2,20.204,21.654,1,1.03260437375746,0,0,2,0,1,"boulter k.","maria t.",1,1,1.4,1.4,1517.09257696757,1500,4763
"2024-wimbledon-2129","wimbledon",2024,"1:19:55",106,"Katie Boulter","Tatjana Maria",95,1,2,1,"BW","NCTL",2,2,11.958,12.056,1,0.92544731610338,0,0,2,0,1,"boulter k.","maria t.",1,1,1.4,1.4,1517.09257696757,1500,4795
"2024-wimbledon-2129","wimbledon",2024,"1:20:19",107,"Katie Boulter","Tatjana Maria",106,1,2,2,"C","NCTL",3,2,11.652,11.82,0,1.03260437375746,1,0,2,0,1,"boulter k.","maria t.",3,1,1.4,4.2,1517.09257696757,1500,4819
"2024-wimbledon-2129","wimbledon",2024,"1:20:44",108,"Katie Boulter","Tatjana Maria",81,2,2,1,"BC","NCTL",12,2,48.068,43.588,0,0.789065606361829,0,0,2,0,1,"boulter k.","maria t.",1,1,1.4,1.4,1517.09257696757,1500,4844
"2024-wimbledon-2129","wimbledon",2024,"1:21:43",109,"Katie Boulter","Tatjana Maria",77,2,2,1,"BW","NCTL",12,2,40.139,35.147,0,0.750099403578529,1,0,2,1,1,"boulter k.","maria t.",3,1,1.4,4.2,1517.09257696757,1500,4903
"2024-wimbledon-2129","wimbledon",2024,"1:22:53",110,"Katie Boulter","Tatjana Maria",91,2,1,2,"BW","NCTL",4,3,19.099,16.356,1,0.870048780487805,0,0,2,1,1,"boulter k.","maria t.",1,1,1.4,1.4,1517.09257696757,1500,4973
"2024-wimbledon-2129","wimbledon",2024,"1:23:37",111,"Katie Boulter","Tatjana Maria",93,2,1,1,"BC","NCTL",7,3,22.652,24.337,0,0.889170731707317,0,0,2,1,1,"boulter k.","maria t.",1,1,1.4,1.4,1517.09257696757,1500,5017
"2024-wimbledon-2129","wimbledon",2024,"1:24:33",112,"Katie Boulter","Tatjana Maria",107,1,1,1,"C","CTL",3,3,16.001,13.814,1,1.0230243902439,0,0,2,1,1,"boulter k.","maria t.",1,1,1.4,1.4,1517.09257696757,1500,5073
"2024-wimbledon-2129","wimbledon",2024,"1:25:02",113,"Katie Boulter","Tatjana Maria",100,1,1,1,"W","CTL",5,3,21.259,23.968,1,0.95609756097561,0,0,2,1,1,"boulter k.","maria t.",1,1,1.4,1.4,1517.09257696757,1500,5102
"2024-wimbledon-2129","wimbledon",2024,"1:25:31",114,"Katie Boulter","Tatjana Maria",106,1,1,2,"BC","CTL",2,3,3.831,5.936,0,1.01346341463415,0,0,2,1,1,"boulter k.","maria t.",1,1,1.4,1.4,1517.09257696757,1500,5131
"2024-wimbledon-2129","wimbledon",2024,"1:25:59",115,"Katie Boulter","Tatjana Maria",103,1,1,1,"C","NCTL",1,3,5.254,5.047,1,0.984780487804878,0,0,2,2,1,"boulter k.","maria t.",1,1,1.4,1.4,1517.09257696757,1500,5159
"2024-wimbledon-2129","wimbledon",2024,"1:28:14",117,"Katie Boulter","Tatjana Maria",64,2,2,1,"W","NCTL",2,4,6.532,7.084,0,0.623459244532803,0,0,2,2,1,"boulter k.","maria t.",1,1,1.4,1.4,1517.09257696757,1500,5294
"2024-wimbledon-2129","wimbledon",2024,"1:28:43",118,"Katie Boulter","Tatjana Maria",85,1,2,2,"W","NCTL",1,4,5.436,5.713,0,0.828031809145129,0,0,2,2,1,"boulter k.","maria t.",1,1,1.4,1.4,1517.09257696757,1500,5323
"2024-wimbledon-2129","wimbledon",2024,"1:29:01",119,"Katie Boulter","Tatjana Maria",92,1,2,2,"C","NCTL",1,4,8.696,9.195,0,0.896222664015905,0,0,2,2,1,"boulter k.","maria t.",1,1,1.4,1.4,1517.09257696757,1500,5341
"2024-wimbledon-2129","wimbledon",2024,"1:29:20",120,"Katie Boulter","Tatjana Maria",90,1,2,2,"BW","NCTL",5,4,17.695,18.51,0,0.876739562624255,0,0,2,2,1,"boulter k.","maria t.",1,1,1.4,1.4,1517.09257696757,1500,5360
"2024-wimbledon-2129","wimbledon",2024,"1:29:44",121,"Katie Boulter","Tatjana Maria",87,2,2,2,"BC","NCTL",1,4,3.9,6.055,1,0.847514910536779,0,0,2,2,2,"boulter k.","maria t.",1,1,1.4,1.4,1517.09257696757,1500,5384
"2024-wimbledon-2129","wimbledon",2024,"1:30:46",122,"Katie Boulter","Tatjana Maria",100,1,1,2,"BW","NCTL",4,5,13.588,18.55,0,0.95609756097561,0,0,2,2,2,"boulter k.","maria t.",1,1,1.4,1.4,1517.09257696757,1500,5446
"2024-wimbledon-2129","wimbledon",2024,"1:31:32",123,"Katie Boulter","Tatjana Maria",92,2,1,1,"C","NCTL",1,5,10.389,10.085,0,0.879609756097561,0,0,2,2,2,"boulter k.","maria t.",1,1,1.4,1.4,1517.09257696757,1500,5492
"2024-wimbledon-2129","wimbledon",2024,"1:32:08",124,"Katie Boulter","Tatjana Maria",108,1,1,1,"C","NCTL",3,5,13.406,18.673,1,1.03258536585366,0,0,2,2,2,"boulter k.","maria t.",1,1,1.4,1.4,1517.09257696757,1500,5528
"2024-wimbledon-2129","wimbledon",2024,"1:33:07",126,"Katie Boulter","Tatjana Maria",89,2,1,2,"W","NCTL",2,5,6.621,9.781,1,0.850926829268293,0,0,2,2,2,"boulter k.","maria t.",1,1,1.4,1.4,1517.09257696757,1500,5587
"2024-wimbledon-2129","wimbledon",2024,"1:33:44",127,"Katie Boulter","Tatjana Maria",104,1,1,1,"W","CTL",1,5,0.925,0.749,1,0.994341463414634,0,1,2,2,2,"boulter k.","maria t.",3,1,1.4,4.2,1517.09257696757,1500,5624
"2024-wimbledon-2129","wimbledon",2024,"1:34:03",128,"Katie Boulter","Tatjana Maria",109,1,1,1,"C","NCTL",5,5,16.881,18.319,1,1.04214634146341,0,0,2,2,2,"boulter k.","maria t.",1,1,1.4,1.4,1517.09257696757,1500,5643
"2024-wimbledon-2129","wimbledon",2024,"1:35:14",130,"Katie Boulter","Tatjana Maria",103,1,1,1,"W","CTL",7,5,22.78,28.448,1,0.984780487804878,0,0,2,2,2,"boulter k.","maria t.",1,1,1.4,1.4,1517.09257696757,1500,5714
"2024-wimbledon-2129","wimbledon",2024,"1:35:52",131,"Katie Boulter","Tatjana Maria",109,1,1,1,"C","NCTL",5,5,21.224,24.734,1,1.04214634146341,0,0,2,3,2,"boulter k.","maria t.",1,1,1.4,1.4,1517.09257696757,1500,5752
"2024-wimbledon-2129","wimbledon",2024,"1:37:44",132,"Katie Boulter","Tatjana Maria",98,1,2,1,"W","CTL",4,6,17.778,15.927,1,0.954671968190855,0,0,2,3,2,"boulter k.","maria t.",1,1,1.4,1.4,1517.09257696757,1500,5864
"2024-wimbledon-2129","wimbledon",2024,"1:38:10",133,"Katie Boulter","Tatjana Maria",103,1,2,2,"C","NCTL",1,6,4.454,4.215,0,1.00337972166998,0,0,2,3,2,"boulter k.","maria t.",1,1,1.4,1.4,1517.09257696757,1500,5890
"2024-wimbledon-2129","wimbledon",2024,"1:38:25",134,"Katie Boulter","Tatjana Maria",105,1,2,2,"C","NCTL",1,6,1.341,1.179,0,1.02286282306163,0,0,2,3,2,"boulter k.","maria t.",1,1,1.4,1.4,1517.09257696757,1500,5905
"2024-wimbledon-2129","wimbledon",2024,"1:38:41",135,"Katie Boulter","Tatjana Maria",89,2,2,1,"BC","NCTL",4,6,13.184,13.702,0,0.86699801192843,0,0,2,3,2,"boulter k.","maria t.",1,1,1.4,1.4,1517.09257696757,1500,5921
"2024-wimbledon-2129","wimbledon",2024,"1:39:15",136,"Katie Boulter","Tatjana Maria",85,2,2,2,"BW","NCTL",1,6,1.006,0.846,1,0.828031809145129,0,0,2,3,2,"boulter k.","maria t.",1,1,1.4,1.4,1517.09257696757,1500,5955
"2024-wimbledon-2129","wimbledon",2024,"1:39:45",137,"Katie Boulter","Tatjana Maria",99,1,2,2,"C","CTL",1,6,5.719,5.34,0,0.96441351888668,0,0,2,3,3,"boulter k.","maria t.",1,1,1.4,1.4,1517.09257696757,1500,5985
"2024-wimbledon-2129","wimbledon",2024,"1:40:19",138,"Katie Boulter","Tatjana Maria",92,2,1,2,"BW","NCTL",4,7,18.529,19.784,1,0.879609756097561,0,0,2,3,3,"boulter k.","maria t.",1,1,1.4,1.4,1517.09257696757,1500,6019
"2024-wimbledon-2129","wimbledon",2024,"1:41:05",139,"Katie Boulter","Tatjana Maria",105,1,1,1,"C","CTL",3,7,15.807,16.277,1,1.00390243902439,0,0,2,3,3,"boulter k.","maria t.",1,1,1.4,1.4,1517.09257696757,1500,6065
"2024-wimbledon-2129","wimbledon",2024,"1:41:34",140,"Katie Boulter","Tatjana Maria",109,1,1,1,"C","NCTL",7,7,28.204,30.854,1,1.04214634146341,0,0,2,3,3,"boulter k.","maria t.",1,1,1.4,1.4,1517.09257696757,1500,6094
"2024-wimbledon-2129","wimbledon",2024,"1:42:13",141,"Katie Boulter","Tatjana Maria",93,2,1,1,"B","NCTL",5,7,19.252,27.892,0,0.889170731707317,0,0,2,3,3,"boulter k.","maria t.",1,1,1.4,1.4,1517.09257696757,1500,6133
"2024-wimbledon-2129","wimbledon",2024,"1:43:35",143,"Katie Boulter","Tatjana Maria",84,2,1,1,"BC","NCTL",5,7,19.97,21.152,0,0.803121951219512,0,0,2,4,3,"boulter k.","maria t.",1,1,1.4,1.4,1517.09257696757,1500,6215
"2024-wimbledon-2129","wimbledon",2024,"1:45:33",144,"Katie Boulter","Tatjana Maria",96,1,2,2,"BW","NCTL",1,8,3.54,3.077,0,0.935188866799205,0,0,2,4,3,"boulter k.","maria t.",1,1,1.4,1.4,1517.09257696757,1500,6333
"2024-wimbledon-2129","wimbledon",2024,"1:45:48",145,"Katie Boulter","Tatjana Maria",86,2,2,1,"C","NCTL",12,8,47.971,45.526,0,0.837773359840954,0,0,2,4,3,"boulter k.","maria t.",1,1,1.4,1.4,1517.09257696757,1500,6348
"2024-wimbledon-2129","wimbledon",2024,"1:46:54",146,"Katie Boulter","Tatjana Maria",89,2,2,2,"BW","NCTL",1,8,2.858,3.59,1,0.86699801192843,0,0,2,4,3,"boulter k.","maria t.",1,1,1.4,1.4,1517.09257696757,1500,6414
"2024-wimbledon-2129","wimbledon",2024,"1:47:24",147,"Katie Boulter","Tatjana Maria",105,1,2,1,"C","NCTL",4,8,16.982,15.919,1,1.02286282306163,0,0,2,4,3,"boulter k.","maria t.",1,1,1.4,1.4,1517.09257696757,1500,6444
"2024-wimbledon-2129","wimbledon",2024,"1:47:52",148,"Katie Boulter","Tatjana Maria",109,1,2,2,"C","NCTL",5,8,21.57,27.272,0,1.06182902584493,0,0,2,4,3,"boulter k.","maria t.",1,1,1.4,1.4,1517.09257696757,1500,6472
"2024-wimbledon-2129","wimbledon",2024,"1:48:25",149,"Katie Boulter","Tatjana Maria",92,1,2,2,"C","NCTL",13,8,56.014,53.816,0,0.896222664015905,0,0,2,4,4,"boulter k.","maria t.",1,1,1.4,1.4,1517.09257696757,1500,6505
"2024-wimbledon-2129","wimbledon",2024,"1:49:26",150,"Katie Boulter","Tatjana Maria",105,1,1,1,"W","CTL",5,9,19.212,26.045,1,1.00390243902439,0,0,2,4,4,"boulter k.","maria t.",1,1,1.4,1.4,1517.09257696757,1500,6566
"2024-wimbledon-2129","wimbledon",2024,"1:50:00",151,"Katie Boulter","Tatjana Maria",109,1,1,1,"BW","NCTL",3,9,7.025,8.502,1,1.04214634146341,0,0,2,4,4,"boulter k.","maria t.",1,1,1.4,1.4,1517.09257696757,1500,6600
"2024-wimbledon-2129","wimbledon",2024,"1:50:27",152,"Katie Boulter","Tatjana Maria",102,2,1,2,"BC","NCTL",2,9,9.327,13.436,1,0.975219512195122,0,0,2,4,4,"boulter k.","maria t.",1,1,1.4,1.4,1517.09257696757,1500,6627
"2024-wimbledon-2129","wimbledon",2024,"1:51:21",153,"Katie Boulter","Tatjana Maria",95,2,1,2,"BC","NCTL",2,9,6.325,8.999,1,0.908292682926829,0,0,2,4,4,"boulter k.","maria t.",1,1,1.4,1.4,1517.09257696757,1500,6681
"2024-wimbledon-2129","wimbledon",2024,"1:51:46",154,"Katie Boulter","Tatjana Maria",101,1,1,1,"W","CTL",5,9,19.257,22.423,1,0.965658536585366,0,0,2,4,4,"boulter k.","maria t.",1,1,1.4,1.4,1517.09257696757,1500,6706
"2024-wimbledon-2129","wimbledon",2024,"1:52:17",155,"Katie Boulter","Tatjana Maria",103,1,1,1,"C","NCTL",5,9,18.485,18.173,1,0.984780487804878,0,0,2,5,4,"boulter k.","maria t.",1,1.8,1.4,2.52,1517.09257696757,1500,6737
"2024-wimbledon-2129","wimbledon",2024,"1:54:00",156,"Katie Boulter","Tatjana Maria",110,1,2,2,"C","NCTL",1,10,7.208,4.697,0,1.07157057654076,0,0,2,5,4,"boulter k.","maria t.",1,1.8,1.4,2.52,1517.09257696757,1500,6840
"2024-wimbledon-2129","wimbledon",2024,"1:54:17",157,"Katie Boulter","Tatjana Maria",111,1,2,2,"BC","CTL",3,10,9.812,13.649,0,1.08131212723658,0,0,2,5,4,"boulter k.","maria t.",1,1.8,1.4,2.52,1517.09257696757,1500,6857
"2024-wimbledon-2129","wimbledon",2024,"1:54:38",158,"Katie Boulter","Tatjana Maria",90,2,2,1,"BC","NCTL",8,10,33.033,28.755,0,0.876739562624255,0,0,2,5,4,"boulter k.","maria t.",1,1.8,1.4,2.52,1517.09257696757,1500,6878
