"match_id","slam","year","ElapsedTime","PointNumber","player1","player2","Speed_MPH","ServeNumber","PointServer","PointWinner","ServeWidth","ServeDepth","RallyCount","GameNo","P1DistanceRun","P2DistanceRun","serving_player_won","speed_ratio","P1BreakPoint","P2BreakPoint","SetNo","P1GamesWon","P2GamesWon","player1_name","player2_name","Break_Point_Multiplier","Late_Set_Multiplier","Set_Progression_Multiplier","Importance","player1_avg_welo","player2_avg_welo","ElapsedSeconds"
"2024-wimbledon-1101","wimbledon",2024,"0:00:00",1,"Jannik Sinner","Yannick Hanfmann",124,1,1,1,"C","NCTL",1,1,6.888,8.24,1,1.03581645497196,0,0,1,0,0,"sinner j.","hanfmann y.",1,1,1,1,1568.35149278613,1500,0
"2024-wimbledon-1101","wimbledon",2024,"0:00:56",3,"Jannik Sinner","Yannick Hanfmann",129,1,1,1,"C","NCTL",5,1,16.068,18.277,1,1.07758324751116,0,0,1,0,0,"sinner j.","hanfmann y.",1,1,1,1,1568.35149278613,1500,56
"2024-wimbledon-1101","wimbledon",2024,"0:01:25",4,"Jannik Sinner","Yannick Hanfmann",120,1,1,1,"C","NCTL",5,1,25.334,26.294,1,1.00240302094061,0,0,1,0,0,"sinner j.","hanfmann y.",1,1,1,1,1568.35149278613,1500,85
"2024-wimbledon-1101","wimbledon",2024,"0:01:59",5,"Jannik Sinner","Yannick Hanfmann",104,2,1,2,"BC","NCTL",2,1,8.332,9.512,1,0.868749284815196,0,0,1,0,0,"sinner j.","hanfmann y.",1,1,1,1,1568.35149278613,1500,119
"2024-wimbledon-1101","wimbledon",2024,"0:02:37",6,"Jannik Sinner","Yannick Hanfmann",125,1,1,2,"BW","CTL",2,1,6.922,6.3,0,1.0441698134798,0,0,1,0,0,"sinner j.","hanfmann y.",1,1,1,1,1568.35149278613,1500,157
"2024-wimbledon-1101","wimbledon",2024,"0:03:05",7,"Jannik Sinner","Yannick Hanfmann",108,2,1,1,"BW","NCTL",1,1,4.227,4.658,0,0.90216271884655,0,0,1,0,0,"sinner j.","hanfmann y.",1,1,1,1,1568.35149278613,1500,185
"2024-wimbledon-1101","wimbledon",2024,"0:03:40",8,"Jannik Sinner","Yannick Hanfmann",122,1,1,1,"W","CTL",1,1,0.951,1.073,1,1.01910973795629,0,0,1,1,0,"sinner j.","hanfmann y.",1,1,1,1,1568.35149278613,1500,220
"2024-wimbledon-1101","wimbledon",2024,"0:04:49",9,"Jannik Sinner","Yannick Hanfmann",98,2,2,2,"C","NCTL",3,2,11.156,12.054,1,0.861975642760487,0,0,1,1,0,"sinner j.","hanfmann y.",1,1,1,1,1568.35149278613,1500,289
"2024-wimbledon-1101","wimbledon",2024,"0:05:30",10,"Jannik Sinner","Yannick Hanfmann",117,1,2,1,"W","CTL",8,2,30.571,32.27,1,1.02909336941813,0,0,1,1,0,"sinner j.","hanfmann y.",1,1,1,1,1568.35149278613,1500,330
"2024-wimbledon-1101","wimbledon",2024,"0:06:07",11,"Jannik Sinner","Yannick Hanfmann",100,2,2,2,"BC","NCTL",5,2,17.572,17.385,1,0.87956698240866,0,0,1,1,0,"sinner j.","hanfmann y.",1,1,1,1,1568.35149278613,1500,367
"2024-wimbledon-1101","wimbledon",2024,"0:06:51",12,"Jannik Sinner","Yannick Hanfmann",80,2,2,2,"BW","NCTL",9,2,35.496,31.543,1,0.703653585926928,0,0,1,1,0,"sinner j.","hanfmann y.",1,1,1,1,1568.35149278613,1500,411
"2024-wimbledon-1101","wimbledon",2024,"0:07:44",13,"Jannik Sinner","Yannick Hanfmann",108,1,2,1,"BW","NCTL",6,2,23.492,17.83,1,0.949932341001353,0,0,1,1,0,"sinner j.","hanfmann y.",1,1,1,1,1568.35149278613,1500,464
"2024-wimbledon-1101","wimbledon",2024,"0:08:23",14,"Jannik Sinner","Yannick Hanfmann",107,1,2,2,"B","NCTL",1,2,6.512,5.511,0,0.941136671177267,0,0,1,1,1,"sinner j.","hanfmann y.",1,1,1,1,1568.35149278613,1500,503
"2024-wimbledon-1101","wimbledon",2024,"0:09:04",15,"Jannik Sinner","Yannick Hanfmann",107,2,1,1,"B","CTL",9,3,25.651,26.321,0,0.893809360338712,0,0,1,1,1,"sinner j.","hanfmann y.",1,1,1,1,1568.35149278613,1500,544
"2024-wimbledon-1101","wimbledon",2024,"0:10:05",16,"Jannik Sinner","Yannick Hanfmann",97,2,1,1,"W","CTL",7,3,26.689,22.092,0,0.810275775260327,0,0,1,1,1,"sinner j.","hanfmann y.",1,1,1,1,1568.35149278613,1500,605
"2024-wimbledon-1101","wimbledon",2024,"0:11:08",17,"Jannik Sinner","Yannick Hanfmann",117,1,1,1,"W","CTL",1,3,0.75,1.239,1,0.977342945417096,0,0,1,1,1,"sinner j.","hanfmann y.",1,1,1,1,1568.35149278613,1500,668
"2024-wimbledon-1101","wimbledon",2024,"0:11:31",18,"Jannik Sinner","Yannick Hanfmann",108,2,1,2,"BC","NCTL",2,3,4.736,6.184,1,0.90216271884655,0,0,1,1,1,"sinner j.","hanfmann y.",1,1,1,1,1568.35149278613,1500,691
"2024-wimbledon-1101","wimbledon",2024,"0:12:09",19,"Jannik Sinner","Yannick Hanfmann",107,2,1,2,"C","NCTL",2,3,7.195,8.629,1,0.893809360338712,0,0,1,1,1,"sinner j.","hanfmann y.",1,1,1,1,1568.35149278613,1500,729
"2024-wimbledon-1101","wimbledon",2024,"0:12:50",20,"Jannik Sinner","Yannick Hanfmann",105,2,1,2,"B","NCTL",6,3,21.433,23.034,1,0.877102643323035,0,0,1,1,1,"sinner j.","hanfmann y.",1,1,1,1,1568.35149278613,1500,770
"2024-wimbledon-1101","wimbledon",2024,"0:13:40",21,"Jannik Sinner","Yannick Hanfmann",112,2,1,1,"W","NCTL",3,3,9.668,10.05,0,0.935576152877904,0,0,1,1,1,"sinner j.","hanfmann y.",1,1,1,1,1568.35149278613,1500,820
"2024-wimbledon-1101","wimbledon",2024,"0:14:19",22,"Jannik Sinner","Yannick Hanfmann",123,1,1,1,"C","NCTL",1,3,3.844,5.901,1,1.02746309646413,0,0,1,2,1,"sinner j.","hanfmann y.",1,1,1,1,1568.35149278613,1500,859
"2024-wimbledon-1101","wimbledon",2024,"0:16:27",23,"Jannik Sinner","Yannick Hanfmann",117,1,2,2,"C","NCTL",3,4,12.248,15.261,0,1.02909336941813,0,0,1,2,1,"sinner j.","hanfmann y.",1,1,1,1,1568.35149278613,1500,987
"2024-wimbledon-1101","wimbledon",2024,"0:16:56",24,"Jannik Sinner","Yannick Hanfmann",110,1,2,2,"C","NCTL",5,4,46.282,24.434,0,0.967523680649526,0,0,1,2,1,"sinner j.","hanfmann y.",1,1,1,1,1568.35149278613,1500,1016
"2024-wimbledon-1101","wimbledon",2024,"0:17:30",25,"Jannik Sinner","Yannick Hanfmann",120,1,2,1,"BC","NCTL",2,4,7.968,5.033,1,1.05548037889039,0,0,1,2,1,"sinner j.","hanfmann y.",1,1,1,1,1568.35149278613,1500,1050
"2024-wimbledon-1101","wimbledon",2024,"0:17:58",26,"Jannik Sinner","Yannick Hanfmann",106,2,2,1,"C","NCTL",4,4,17.606,20.751,0,0.93234100135318,0,0,1,2,1,"sinner j.","hanfmann y.",1,1,1,1,1568.35149278613,1500,1078
"2024-wimbledon-1101","wimbledon",2024,"0:18:58",27,"Jannik Sinner","Yannick Hanfmann",115,1,2,1,"B","NCTL",4,4,14.734,11.76,1,1.01150202976996,0,0,1,2,1,"sinner j.","hanfmann y.",1,1,1,1,1568.35149278613,1500,1138
"2024-wimbledon-1101","wimbledon",2024,"0:19:29",28,"Jannik Sinner","Yannick Hanfmann",111,1,2,2,"C","NCTL",1,4,6.799,5.346,0,0.976319350473613,1,0,1,2,1,"sinner j.","hanfmann y.",3,1,1,3,1568.35149278613,1500,1169
"2024-wimbledon-1101","wimbledon",2024,"0:19:52",29,"Jannik Sinner","Yannick Hanfmann",107,1,2,2,"C","CTL",3,4,12.284,11.11,0,0.941136671177267,0,0,1,2,1,"sinner j.","hanfmann y.",1,1,1,1,1568.35149278613,1500,1192
"2024-wimbledon-1101","wimbledon",2024,"0:20:23",30,"Jannik Sinner","Yannick Hanfmann",99,2,2,2,"BC","CTL",13,4,46.478,41.512,1,0.870771312584574,0,0,1,2,2,"sinner j.","hanfmann y.",1,1,1,1,1568.35149278613,1500,1223
"2024-wimbledon-1101","wimbledon",2024,"0:21:48",31,"Jannik Sinner","Yannick Hanfmann",121,1,1,1,"BC","CTL",1,5,4.124,4.558,1,1.01075637944845,0,0,1,2,2,"sinner j.","hanfmann y.",1,1,1,1,1568.35149278613,1500,1308
"2024-wimbledon-1101","wimbledon",2024,"0:22:09",32,"Jannik Sinner","Yannick Hanfmann",104,2,1,1,"B","NCTL",1,5,3.549,4.329,0,0.868749284815196,0,0,1,2,2,"sinner j.","hanfmann y.",1,1,1,1,1568.35149278613,1500,1329
"2024-wimbledon-1101","wimbledon",2024,"0:22:43",33,"Jannik Sinner","Yannick Hanfmann",120,1,1,1,"C","NCTL",5,5,15.477,14.385,1,1.00240302094061,0,0,1,2,2,"sinner j.","hanfmann y.",1,1,1,1,1568.35149278613,1500,1363
"2024-wimbledon-1101","wimbledon",2024,"0:23:09",34,"Jannik Sinner","Yannick Hanfmann",101,2,1,2,"B","NCTL",2,5,3.779,4.291,1,0.843689209291681,0,0,1,2,2,"sinner j.","hanfmann y.",1,1,1,1,1568.35149278613,1500,1389
"2024-wimbledon-1101","wimbledon",2024,"0:23:46",35,"Jannik Sinner","Yannick Hanfmann",101,2,1,1,"BC","NCTL",1,5,2.06,2.116,0,0.843689209291681,0,0,1,3,2,"sinner j.","hanfmann y.",1,1,1,1,1568.35149278613,1500,1426
"2024-wimbledon-1101","wimbledon",2024,"0:25:43",36,"Jannik Sinner","Yannick Hanfmann",109,1,2,1,"W","NCTL",2,6,7.319,4.734,1,0.95872801082544,0,0,1,3,2,"sinner j.","hanfmann y.",1,1,1,1,1568.35149278613,1500,1543
"2024-wimbledon-1101","wimbledon",2024,"0:26:42",38,"Jannik Sinner","Yannick Hanfmann",89,2,2,2,"B","NCTL",3,6,30.787,21.372,1,0.782814614343708,0,0,1,3,2,"sinner j.","hanfmann y.",1,1,1,1,1568.35149278613,1500,1602
"2024-wimbledon-1101","wimbledon",2024,"0:27:24",39,"Jannik Sinner","Yannick Hanfmann",97,2,2,1,"BC","NCTL",4,6,12.183,13.235,0,0.853179972936401,0,0,1,3,2,"sinner j.","hanfmann y.",1,1,1,1,1568.35149278613,1500,1644
"2024-wimbledon-1101","wimbledon",2024,"0:28:09",40,"Jannik Sinner","Yannick Hanfmann",120,1,2,1,"C","NCTL",6,6,27.966,19.731,1,1.05548037889039,1,0,1,4,2,"sinner j.","hanfmann y.",3,1,1,3,1568.35149278613,1500,1689
"2024-wimbledon-1101","wimbledon",2024,"0:28:54",41,"Jannik Sinner","Yannick Hanfmann",122,1,1,1,"C","NCTL",1,7,10.531,6.393,1,1.01910973795629,0,0,1,4,2,"sinner j.","hanfmann y.",1,1,1,1,1568.35149278613,1500,1734
"2024-wimbledon-1101","wimbledon",2024,"0:29:15",42,"Jannik Sinner","Yannick Hanfmann",125,1,1,1,"B","NCTL",1,7,4.724,6.268,1,1.0441698134798,0,0,1,4,2,"sinner j.","hanfmann y.",1,1,1,1,1568.35149278613,1500,1755
"2024-wimbledon-1101","wimbledon",2024,"0:29:38",43,"Jannik Sinner","Yannick Hanfmann",113,2,1,1,"B","NCTL",7,7,24.217,28.118,0,0.943929511385742,0,0,1,4,2,"sinner j.","hanfmann y.",1,1,1,1,1568.35149278613,1500,1778
"2024-wimbledon-1101","wimbledon",2024,"0:30:18",44,"Jannik Sinner","Yannick Hanfmann",96,2,1,2,"W","CTL",2,7,8.835,9.955,1,0.801922416752489,0,0,1,4,2,"sinner j.","hanfmann y.",1,1,1,1,1568.35149278613,1500,1818
"2024-wimbledon-1101","wimbledon",2024,"0:30:52",45,"Jannik Sinner","Yannick Hanfmann",108,2,1,1,"B","NCTL",5,7,18.41,19.475,0,0.90216271884655,0,0,1,5,2,"sinner j.","hanfmann y.",1,1.8,1,1.8,1568.35149278613,1500,1852
"2024-wimbledon-1101","wimbledon",2024,"0:32:49",46,"Jannik Sinner","Yannick Hanfmann",92,2,2,2,"BC","NCTL",5,8,19.455,17.717,1,0.809201623815967,0,0,1,5,2,"sinner j.","hanfmann y.",1,1.8,1,1.8,1568.35149278613,1500,1969
"2024-wimbledon-1101","wimbledon",2024,"0:33:24",47,"Jannik Sinner","Yannick Hanfmann",108,1,2,2,"W","NCTL",3,8,17.011,15.059,0,0.949932341001353,0,0,1,5,2,"sinner j.","hanfmann y.",1,1.8,1,1.8,1568.35149278613,1500,2004
"2024-wimbledon-1101","wimbledon",2024,"0:33:52",48,"Jannik Sinner","Yannick Hanfmann",109,1,2,2,"W","CTL",1,8,0.883,0.726,0,0.95872801082544,0,0,1,5,2,"sinner j.","hanfmann y.",1,1.8,1,1.8,1568.35149278613,1500,2032
"2024-wimbledon-1101","wimbledon",2024,"0:34:14",49,"Jannik Sinner","Yannick Hanfmann",123,1,2,2,"W","CTL",3,8,13.796,11.917,0,1.08186738836265,0,0,1,5,3,"sinner j.","hanfmann y.",1,1.8,1,1.8,1568.35149278613,1500,2054
"2024-wimbledon-1101","wimbledon",2024,"0:34:57",50,"Jannik Sinner","Yannick Hanfmann",108,2,1,1,"BC","NCTL",3,9,7.443,8.617,0,0.90216271884655,0,0,1,5,3,"sinner j.","hanfmann y.",1,1.8,1,1.8,1568.35149278613,1500,2097
"2024-wimbledon-1101","wimbledon",2024,"0:35:34",51,"Jannik Sinner","Yannick Hanfmann",123,1,1,2,"BC","NCTL",4,9,12.514,13.087,0,1.02746309646413,0,0,1,5,3,"sinner j.","hanfmann y.",1,1.8,1,1.8,1568.35149278613,1500,2134
"2024-wimbledon-1101","wimbledon",2024,"0:36:03",52,"Jannik Sinner","Yannick Hanfmann",119,1,1,1,"W","CTL",1,9,0.521,0.983,1,0.994049662432773,0,0,1,5,3,"sinner j.","hanfmann y.",1,1.8,1,1.8,1568.35149278613,1500,2163
"2024-wimbledon-1101","wimbledon",2024,"0:36:25",53,"Jannik Sinner","Yannick Hanfmann",118,1,1,1,"C","CTL",3,9,21.23,8.63,1,0.985696303924934,0,0,1,5,3,"sinner j.","hanfmann y.",1,1.8,1,1.8,1568.35149278613,1500,2185
"2024-wimbledon-1101","wimbledon",2024,"0:36:55",54,"Jannik Sinner","Yannick Hanfmann",106,2,1,1,"BC","NCTL",3,9,10.793,11.122,0,0.885456001830873,0,0,1,6,3,"sinner j.","hanfmann y.",1,1.8,1,1.8,1568.35149278613,1500,2215
"2024-wimbledon-1101","wimbledon",2024,"0:39:26",55,"Jannik Sinner","Yannick Hanfmann",111,1,2,1,"B","NCTL",6,1,29.098,28.455,1,0.976319350473613,0,0,2,0,0,"sinner j.","hanfmann y.",1,1,1.4,1.4,1568.35149278613,1500,2366
"2024-wimbledon-1101","wimbledon",2024,"0:40:04",56,"Jannik Sinner","Yannick Hanfmann",100,2,2,2,"B","NCTL",1,1,5.191,5.077,1,0.87956698240866,0,0,2,0,0,"sinner j.","hanfmann y.",1,1,1.4,1.4,1568.35149278613,1500,2404
"2024-wimbledon-1101","wimbledon",2024,"0:40:44",57,"Jannik Sinner","Yannick Hanfmann",125,1,2,2,"C","NCTL",1,1,4.288,3.526,0,1.09945872801083,0,0,2,0,0,"sinner j.","hanfmann y.",1,1,1.4,1.4,1568.35149278613,1500,2444
"2024-wimbledon-1101","wimbledon",2024,"0:41:05",58,"Jannik Sinner","Yannick Hanfmann",124,1,2,2,"BW","NCTL",11,1,39.125,38.362,0,1.09066305818674,0,0,2,0,0,"sinner j.","hanfmann y.",1,1,1.4,1.4,1568.35149278613,1500,2465
"2024-wimbledon-1101","wimbledon",2024,"0:41:50",59,"Jannik Sinner","Yannick Hanfmann",101,1,2,2,"W","CTL",5,1,20.236,19.605,0,0.888362652232747,0,0,2,0,1,"sinner j.","hanfmann y.",1,1,1.4,1.4,1568.35149278613,1500,2510
"2024-wimbledon-1101","wimbledon",2024,"0:42:51",60,"Jannik Sinner","Yannick Hanfmann",127,1,1,1,"C","CTL",3,2,10.511,9.443,1,1.06087653049548,0,0,2,0,1,"sinner j.","hanfmann y.",1,1,1.4,1.4,1568.35149278613,1500,2571
"2024-wimbledon-1101","wimbledon",2024,"0:43:13",61,"Jannik Sinner","Yannick Hanfmann",99,2,1,1,"BW","CTL",11,2,39.517,39.854,0,0.826982492276004,0,0,2,0,1,"sinner j.","hanfmann y.",1,1,1.4,1.4,1568.35149278613,1500,2593
"2024-wimbledon-1101","wimbledon",2024,"0:44:04",62,"Jannik Sinner","Yannick Hanfmann",119,1,1,1,"C","NCTL",3,2,9.795,10.528,1,0.994049662432773,0,0,2,0,1,"sinner j.","hanfmann y.",1,1,1.4,1.4,1568.35149278613,1500,2644
"2024-wimbledon-1101","wimbledon",2024,"0:44:30",63,"Jannik Sinner","Yannick Hanfmann",116,1,1,1,"C","NCTL",1,2,3.954,6.575,1,0.968989586909257,0,0,2,1,1,"sinner j.","hanfmann y.",1,1,1.4,1.4,1568.35149278613,1500,2670
"2024-wimbledon-1101","wimbledon",2024,"0:45:04",64,"Jannik Sinner","Yannick Hanfmann",86,2,2,1,"BC","NCTL",4,3,12.408,11.824,0,0.756427604871448,0,0,2,1,1,"sinner j.","hanfmann y.",1,1,1.4,1.4,1568.35149278613,1500,2704
"2024-wimbledon-1101","wimbledon",2024,"0:45:45",65,"Jannik Sinner","Yannick Hanfmann",104,2,2,1,"BC","NCTL",4,3,15.419,18.767,0,0.914749661705007,0,0,2,1,1,"sinner j.","hanfmann y.",1,1,1.4,1.4,1568.35149278613,1500,2745
"2024-wimbledon-1101","wimbledon",2024,"0:46:36",66,"Jannik Sinner","Yannick Hanfmann",120,1,2,2,"C","NCTL",1,3,11.158,10.963,0,1.05548037889039,0,0,2,1,1,"sinner j.","hanfmann y.",1,1,1.4,1.4,1568.35149278613,1500,2796
"2024-wimbledon-1101","wimbledon",2024,"0:46:59",67,"Jannik Sinner","Yannick Hanfmann",110,1,2,2,"BC","NCTL",13,3,47.44,42.849,0,0.967523680649526,0,0,2,1,1,"sinner j.","hanfmann y.",1,1,1.4,1.4,1568.35149278613,1500,2819
"2024-wimbledon-1101","wimbledon",2024,"0:47:49",68,"Jannik Sinner","Yannick Hanfmann",115,1,2,1,"BC","NCTL",4,3,16.814,18.355,1,1.01150202976996,0,0,2,1,1,"sinner j.","hanfmann y.",1,1,1.4,1.4,1568.35149278613,1500,2869
"2024-wimbledon-1101","wimbledon",2024,"0:48:26",69,"Jannik Sinner","Yannick Hanfmann",103,1,2,1,"C","NCTL",8,3,29.256,29.838,1,0.90595399188092,1,0,2,2,1,"sinner j.","hanfmann y.",3,1,1.4,4.2,1568.35149278613,1500,2906
"2024-wimbledon-1101","wimbledon",2024,"0:50:17",70,"Jannik Sinner","Yannick Hanfmann",110,2,1,2,"BW","NCTL",2,4,7.549,7.401,1,0.918869435862227,0,0,2,2,1,"sinner j.","hanfmann y.",1,1,1.4,1.4,1568.35149278613,1500,3017
"2024-wimbledon-1101","wimbledon",2024,"0:50:55",71,"Jannik Sinner","Yannick Hanfmann",93,2,1,2,"W","CTL",6,4,21.016,23.342,1,0.776862341228974,0,0,2,2,1,"sinner j.","hanfmann y.",1,1,1.4,1.4,1568.35149278613,1500,3055
"2024-wimbledon-1101","wimbledon",2024,"0:51:40",72,"Jannik Sinner","Yannick Hanfmann",105,2,1,2,"BW","NCTL",4,4,15.269,15.505,1,0.877102643323035,0,0,2,2,1,"sinner j.","hanfmann y.",1,1,1.4,1.4,1568.35149278613,1500,3100
"2024-wimbledon-1101","wimbledon",2024,"0:52:26",73,"Jannik Sinner","Yannick Hanfmann",117,1,1,1,"W","CTL",1,4,1.311,1.904,1,0.977342945417096,0,1,2,2,1,"sinner j.","hanfmann y.",3,1,1.4,4.2,1568.35149278613,1500,3146
"2024-wimbledon-1101","wimbledon",2024,"0:52:52",74,"Jannik Sinner","Yannick Hanfmann",116,1,1,1,"W","CTL",1,4,3.309,5.32,1,0.968989586909257,0,1,2,2,1,"sinner j.","hanfmann y.",3,1,1.4,4.2,1568.35149278613,1500,3172
"2024-wimbledon-1101","wimbledon",2024,"0:53:19",75,"Jannik Sinner","Yannick Hanfmann",98,2,1,1,"B","NCTL",9,4,37.855,38.249,0,0.818629133768166,0,1,2,2,1,"sinner j.","hanfmann y.",3,1,1.4,4.2,1568.35149278613,1500,3199
"2024-wimbledon-1101","wimbledon",2024,"0:54:28",76,"Jannik Sinner","Yannick Hanfmann",115,1,1,1,"W","CTL",1,4,0.738,0.993,1,0.960636228401419,0,0,2,2,1,"sinner j.","hanfmann y.",1,1,1.4,1.4,1568.35149278613,1500,3268
"2024-wimbledon-1101","wimbledon",2024,"0:54:49",77,"Jannik Sinner","Yannick Hanfmann",124,1,1,2,"C","NCTL",2,4,6.217,9.187,0,1.03581645497196,0,0,2,2,1,"sinner j.","hanfmann y.",1,1,1.4,1.4,1568.35149278613,1500,3289
"2024-wimbledon-1101","wimbledon",2024,"0:55:17",78,"Jannik Sinner","Yannick Hanfmann",119,1,1,1,"W","CTL",1,4,0.805,1.377,1,0.994049662432773,0,0,2,2,1,"sinner j.","hanfmann y.",1,1,1.4,1.4,1568.35149278613,1500,3317
"2024-wimbledon-1101","wimbledon",2024,"0:55:42",79,"Jannik Sinner","Yannick Hanfmann",122,1,1,1,"C","NCTL",1,4,11.875,10.491,1,1.01910973795629,0,0,2,3,1,"sinner j.","hanfmann y.",1,1,1.4,1.4,1568.35149278613,1500,3342
"2024-wimbledon-1101","wimbledon",2024,"0:56:23",80,"Jannik Sinner","Yannick Hanfmann",121,1,2,2,"C","NCTL",3,5,10.808,9.045,0,1.06427604871448,0,0,2,3,1,"sinner j.","hanfmann y.",1,1,1.4,1.4,1568.35149278613,1500,3383
"2024-wimbledon-1101","wimbledon",2024,"0:56:44",81,"Jannik Sinner","Yannick Hanfmann",113,2,2,1,"B","NCTL",2,5,6.75,5.506,0,0.993910690121786,0,0,2,3,1,"sinner j.","hanfmann y.",1,1,1.4,1.4,1568.35149278613,1500,3404
"2024-wimbledon-1101","wimbledon",2024,"0:57:19",82,"Jannik Sinner","Yannick Hanfmann",112,1,2,2,"W","NCTL",9,5,36.031,27.148,0,0.9851150202977,0,0,2,3,1,"sinner j.","hanfmann y.",1,1,1.4,1.4,1568.35149278613,1500,3439
"2024-wimbledon-1101","wimbledon",2024,"0:58:37",84,"Jannik Sinner","Yannick Hanfmann",105,1,2,2,"W","CTL",1,5,6.051,4.172,0,0.923545331529093,0,0,2,3,1,"sinner j.","hanfmann y.",1,1,1.4,1.4,1568.35149278613,1500,3517
"2024-wimbledon-1101","wimbledon",2024,"0:59:13",85,"Jannik Sinner","Yannick Hanfmann",84,1,2,1,"W","CTL",2,5,9.95,8.954,1,0.738836265223275,0,0,2,3,1,"sinner j.","hanfmann y.",1,1,1.4,1.4,1568.35149278613,1500,3553
"2024-wimbledon-1101","wimbledon",2024,"0:59:40",86,"Jannik Sinner","Yannick Hanfmann",112,1,2,2,"W","CTL",3,5,11.192,8.855,0,0.9851150202977,0,0,2,3,1,"sinner j.","hanfmann y.",1,1,1.4,1.4,1568.35149278613,1500,3580
"2024-wimbledon-1101","wimbledon",2024,"1:00:21",87,"Jannik Sinner","Yannick Hanfmann",101,2,2,1,"BC","NCTL",2,5,4.474,5.954,0,0.888362652232747,0,0,2,3,1,"sinner j.","hanfmann y.",1,1,1.4,1.4,1568.35149278613,1500,3621
"2024-wimbledon-1101","wimbledon",2024,"1:01:03",88,"Jannik Sinner","Yannick Hanfmann",126,1,2,2,"C","NCTL",1,5,6.083,5.163,0,1.10825439783491,0,0,2,3,1,"sinner j.","hanfmann y.",1,1,1.4,1.4,1568.35149278613,1500,3663
"2024-wimbledon-1101","wimbledon",2024,"1:01:27",89,"Jannik Sinner","Yannick Hanfmann",119,1,2,2,"W","CTL",3,5,10.591,8.199,0,1.04668470906631,0,0,2,3,2,"sinner j.","hanfmann y.",1,1,1.4,1.4,1568.35149278613,1500,3687
"2024-wimbledon-1101","wimbledon",2024,"1:03:07",90,"Jannik Sinner","Yannick Hanfmann",124,1,1,1,"","",3,6,0,0,1,1.03581645497196,0,0,2,3,2,"sinner j.","hanfmann y.",1,1,1.4,1.4,1568.35149278613,1500,3787
"2024-wimbledon-1101","wimbledon",2024,"1:03:35",91,"Jannik Sinner","Yannick Hanfmann",102,2,1,2,"BC","NCTL",2,6,3.675,4.507,1,0.852042567799519,0,0,2,3,2,"sinner j.","hanfmann y.",1,1,1.4,1.4,1568.35149278613,1500,3815
"2024-wimbledon-1101","wimbledon",2024,"1:04:13",92,"Jannik Sinner","Yannick Hanfmann",112,1,1,1,"W","CTL",1,6,0.654,1.037,1,0.935576152877904,0,0,2,3,2,"sinner j.","hanfmann y.",1,1,1.4,1.4,1568.35149278613,1500,3853
"2024-wimbledon-1101","wimbledon",2024,"1:04:36",93,"Jannik Sinner","Yannick Hanfmann",88,2,1,2,"B","NCTL",6,6,32.971,24.39,1,0.735095548689781,0,0,2,3,2,"sinner j.","hanfmann y.",1,1,1.4,1.4,1568.35149278613,1500,3876
"2024-wimbledon-1101","wimbledon",2024,"1:05:46",94,"Jannik Sinner","Yannick Hanfmann",122,1,1,2,"B","NCTL",6,6,17.763,23.545,0,1.01910973795629,0,0,2,3,2,"sinner j.","hanfmann y.",1,1,1.4,1.4,1568.35149278613,1500,3946
"2024-wimbledon-1101","wimbledon",2024,"1:06:23",95,"Jannik Sinner","Yannick Hanfmann",93,2,1,1,"W","CTL",5,6,11.321,15.613,0,0.776862341228974,0,1,2,3,2,"sinner j.","hanfmann y.",3,1,1.4,4.2,1568.35149278613,1500,3983
"2024-wimbledon-1101","wimbledon",2024,"1:07:08",96,"Jannik Sinner","Yannick Hanfmann",107,2,1,1,"C","NCTL",1,6,14.23,12.15,0,0.893809360338712,0,0,2,3,2,"sinner j.","hanfmann y.",1,1,1.4,1.4,1568.35149278613,1500,4028
"2024-wimbledon-1101","wimbledon",2024,"1:07:44",97,"Jannik Sinner","Yannick Hanfmann",91,2,1,2,"W","CTL",2,6,10.011,18.058,1,0.760155624213297,0,0,2,3,2,"sinner j.","hanfmann y.",1,1,1.4,1.4,1568.35149278613,1500,4064
"2024-wimbledon-1101","wimbledon",2024,"1:08:29",98,"Jannik Sinner","Yannick Hanfmann",115,1,1,2,"W","CTL",2,6,7.701,12.577,0,0.960636228401419,0,0,2,3,2,"sinner j.","hanfmann y.",1,1,1.4,1.4,1568.35149278613,1500,4109
"2024-wimbledon-1101","wimbledon",2024,"1:09:01",99,"Jannik Sinner","Yannick Hanfmann",121,1,1,1,"W","CTL",1,6,0.808,0.824,1,1.01075637944845,0,1,2,3,2,"sinner j.","hanfmann y.",3,1,1.4,4.2,1568.35149278613,1500,4141
"2024-wimbledon-1101","wimbledon",2024,"1:09:27",100,"Jannik Sinner","Yannick Hanfmann",124,1,1,1,"B","NCTL",3,6,10.433,12.308,1,1.03581645497196,0,0,2,3,2,"sinner j.","hanfmann y.",1,1,1.4,1.4,1568.35149278613,1500,4167
"2024-wimbledon-1101","wimbledon",2024,"1:09:54",101,"Jannik Sinner","Yannick Hanfmann",123,1,1,1,"C","NCTL",1,6,1.431,1.332,1,1.02746309646413,0,0,2,4,2,"sinner j.","hanfmann y.",1,1,1.4,1.4,1568.35149278613,1500,4194
"2024-wimbledon-1101","wimbledon",2024,"1:10:34",102,"Jannik Sinner","Yannick Hanfmann",120,1,2,1,"C","NCTL",2,7,9.962,7.051,1,1.05548037889039,0,0,2,4,2,"sinner j.","hanfmann y.",1,1,1.4,1.4,1568.35149278613,1500,4234
"2024-wimbledon-1101","wimbledon",2024,"1:11:01",103,"Jannik Sinner","Yannick Hanfmann",115,1,2,2,"BW","NCTL",7,7,23.014,21.113,0,1.01150202976996,0,0,2,4,2,"sinner j.","hanfmann y.",1,1,1.4,1.4,1568.35149278613,1500,4261
"2024-wimbledon-1101","wimbledon",2024,"1:11:36",104,"Jannik Sinner","Yannick Hanfmann",119,1,2,2,"C","NCTL",1,7,5.417,4.395,0,1.04668470906631,0,0,2,4,2,"sinner j.","hanfmann y.",1,1,1.4,1.4,1568.35149278613,1500,4296
"2024-wimbledon-1101","wimbledon",2024,"1:12:01",105,"Jannik Sinner","Yannick Hanfmann",110,2,2,1,"BC","NCTL",4,7,13.436,10.663,0,0.967523680649526,0,0,2,4,2,"sinner j.","hanfmann y.",1,1,1.4,1.4,1568.35149278613,1500,4321
"2024-wimbledon-1101","wimbledon",2024,"1:12:44",106,"Jannik Sinner","Yannick Hanfmann",103,1,2,2,"W","NCTL",3,7,15.606,10.021,0,0.90595399188092,0,0,2,4,2,"sinner j.","hanfmann y.",1,1,1.4,1.4,1568.35149278613,1500,4364
"2024-wimbledon-1101","wimbledon",2024,"1:13:13",107,"Jannik Sinner","Yannick Hanfmann",114,1,2,2,"C","NCTL",1,7,2.642,1.998,0,1.00270635994587,0,0,2,4,3,"sinner j.","hanfmann y.",1,1,1.4,1.4,1568.35149278613,1500,4393
"2024-wimbledon-1101","wimbledon",2024,"1:14:58",108,"Jannik Sinner","Yannick Hanfmann",117,1,1,1,"W","CTL",1,8,3.689,4.835,1,0.977342945417096,0,0,2,4,3,"sinner j.","hanfmann y.",1,1,1.4,1.4,1568.35149278613,1500,4498
"2024-wimbledon-1101","wimbledon",2024,"1:15:20",109,"Jannik Sinner","Yannick Hanfmann",96,2,1,2,"B","NCTL",2,8,7.959,12.122,1,0.801922416752489,0,0,2,4,3,"sinner j.","hanfmann y.",1,1,1.4,1.4,1568.35149278613,1500,4520
"2024-wimbledon-1101","wimbledon",2024,"1:15:58",110,"Jannik Sinner","Yannick Hanfmann",116,1,1,1,"BW","NCTL",3,8,14.054,16.461,1,0.968989586909257,0,0,2,4,3,"sinner j.","hanfmann y.",1,1,1.4,1.4,1568.35149278613,1500,4558
"2024-wimbledon-1101","wimbledon",2024,"1:16:30",111,"Jannik Sinner","Yannick Hanfmann",126,1,1,1,"B","NCTL",1,8,2.976,4.053,1,1.05252317198764,0,0,2,4,3,"sinner j.","hanfmann y.",1,1,1.4,1.4,1568.35149278613,1500,4590
"2024-wimbledon-1101","wimbledon",2024,"1:16:50",112,"Jannik Sinner","Yannick Hanfmann",120,1,1,1,"B","NCTL",3,8,16.606,27.987,1,1.00240302094061,0,0,2,5,3,"sinner j.","hanfmann y.",1,1.8,1.4,2.52,1568.35149278613,1500,4610
"2024-wimbledon-1101","wimbledon",2024,"1:17:39",113,"Jannik Sinner","Yannick Hanfmann",106,1,2,2,"W","CTL",15,9,54.007,46.492,0,0.93234100135318,0,0,2,5,3,"sinner j.","hanfmann y.",1,1.8,1.4,2.52,1568.35149278613,1500,4659
"2024-wimbledon-1101","wimbledon",2024,"1:18:27",114,"Jannik Sinner","Yannick Hanfmann",123,1,2,2,"W","CTL",1,9,8.727,7.312,0,1.08186738836265,0,0,2,5,3,"sinner j.","hanfmann y.",1,1.8,1.4,2.52,1568.35149278613,1500,4707
"2024-wimbledon-1101","wimbledon",2024,"1:18:49",115,"Jannik Sinner","Yannick Hanfmann",118,2,2,1,"BC","NCTL",4,9,9.888,11.316,0,1.03788903924222,0,0,2,5,3,"sinner j.","hanfmann y.",1,1.8,1.4,2.52,1568.35149278613,1500,4729
"2024-wimbledon-1101","wimbledon",2024,"1:19:35",116,"Jannik Sinner","Yannick Hanfmann",119,1,2,2,"BW","NCTL",1,9,15.62,10.149,0,1.04668470906631,0,0,2,5,3,"sinner j.","hanfmann y.",1,1.8,1.4,2.52,1568.35149278613,1500,4775
"2024-wimbledon-1101","wimbledon",2024,"1:19:57",117,"Jannik Sinner","Yannick Hanfmann",108,2,2,1,"W","CTL",2,9,7.528,5.513,0,0.949932341001353,0,0,2,5,3,"sinner j.","hanfmann y.",1,1.8,1.4,2.52,1568.35149278613,1500,4797
"2024-wimbledon-1101","wimbledon",2024,"1:20:37",118,"Jannik Sinner","Yannick Hanfmann",107,1,2,2,"C","NCTL",1,9,0.713,0.82,0,0.941136671177267,0,0,2,5,4,"sinner j.","hanfmann y.",1,1.8,1.4,2.52,1568.35149278613,1500,4837
"2024-wimbledon-1101","wimbledon",2024,"1:22:13",119,"Jannik Sinner","Yannick Hanfmann",126,1,1,1,"BC","NCTL",3,10,12.307,12.314,1,1.05252317198764,0,0,2,5,4,"sinner j.","hanfmann y.",1,1.8,1.4,2.52,1568.35149278613,1500,4933
"2024-wimbledon-1101","wimbledon",2024,"1:22:41",120,"Jannik Sinner","Yannick Hanfmann",92,2,1,1,"B","NCTL",3,10,10.71,13.523,0,0.768508982721135,0,0,2,5,4,"sinner j.","hanfmann y.",1,1.8,1.4,2.52,1568.35149278613,1500,4961
"2024-wimbledon-1101","wimbledon",2024,"1:23:16",121,"Jannik Sinner","Yannick Hanfmann",121,1,1,1,"BW","CTL",1,10,6.279,5.351,1,1.01075637944845,0,0,2,5,4,"sinner j.","hanfmann y.",1,1.8,1.4,2.52,1568.35149278613,1500,4996
"2024-wimbledon-1101","wimbledon",2024,"1:23:39",122,"Jannik Sinner","Yannick Hanfmann",98,1,1,1,"BW","NCTL",5,10,15.599,17.678,1,0.818629133768166,0,0,2,6,4,"sinner j.","hanfmann y.",1,1.8,1.4,2.52,1568.35149278613,1500,5019
"2024-wimbledon-1101","wimbledon",2024,"1:25:59",123,"Jannik Sinner","Yannick Hanfmann",109,1,2,2,"BC","NCTL",5,1,26.014,16.72,0,0.95872801082544,0,0,3,0,0,"sinner j.","hanfmann y.",1,1,1.8,1.8,1568.35149278613,1500,5159
"2024-wimbledon-1101","wimbledon",2024,"1:26:30",124,"Jannik Sinner","Yannick Hanfmann",80,2,2,1,"BW","NCTL",6,1,22.377,20.507,0,0.703653585926928,0,0,3,0,0,"sinner j.","hanfmann y.",1,1,1.8,1.8,1568.35149278613,1500,5190
"2024-wimbledon-1101","wimbledon",2024,"1:27:14",125,"Jannik Sinner","Yannick Hanfmann",106,1,2,2,"BW","NCTL",5,1,22.482,20.339,0,0.93234100135318,0,0,3,0,0,"sinner j.","hanfmann y.",1,1,1.8,1.8,1568.35149278613,1500,5234
"2024-wimbledon-1101","wimbledon",2024,"1:27:39",126,"Jannik Sinner","Yannick Hanfmann",110,1,2,2,"C","NCTL",5,1,18.685,19.602,0,0.967523680649526,0,0,3,0,0,"sinner j.","hanfmann y.",1,1,1.8,1.8,1568.35149278613,1500,5259
"2024-wimbledon-1101","wimbledon",2024,"1:28:09",127,"Jannik Sinner","Yannick Hanfmann",118,1,2,1,"C","NCTL",6,1,19.412,20.92,1,1.03788903924222,0,0,3,0,0,"sinner j.","hanfmann y.",1,1,1.8,1.8,1568.35149278613,1500,5289
"2024-wimbledon-1101","wimbledon",2024,"1:28:45",128,"Jannik Sinner","Yannick Hanfmann",114,1,2,2,"BW","NCTL",3,1,18.442,15.656,0,1.00270635994587,0,0,3,0,1,"sinner j.","hanfmann y.",1,1,1.8,1.8,1568.35149278613,1500,5325
"2024-wimbledon-1101","wimbledon",2024,"1:29:38",129,"Jannik Sinner","Yannick Hanfmann",100,2,1,2,"C","NCTL",2,2,8.591,8.427,1,0.835335850783843,0,0,3,0,1,"sinner j.","hanfmann y.",1,1,1.8,1.8,1568.35149278613,1500,5378
"2024-wimbledon-1101","wimbledon",2024,"1:30:57",131,"Jannik Sinner","Yannick Hanfmann",102,2,1,1,"C","NCTL",11,2,36.466,34.178,0,0.852042567799519,0,0,3,0,1,"sinner j.","hanfmann y.",1,1,1.8,1.8,1568.35149278613,1500,5457
"2024-wimbledon-1101","wimbledon",2024,"1:31:53",132,"Jannik Sinner","Yannick Hanfmann",121,1,1,1,"C","NCTL",5,2,14.634,15.789,1,1.01075637944845,0,0,3,0,1,"sinner j.","hanfmann y.",1,1,1.8,1.8,1568.35149278613,1500,5513
"2024-wimbledon-1101","wimbledon",2024,"1:32:32",133,"Jannik Sinner","Yannick Hanfmann",117,1,1,2,"W","CTL",2,2,6.891,12.635,0,0.977342945417096,0,0,3,0,1,"sinner j.","hanfmann y.",1,1,1.8,1.8,1568.35149278613,1500,5552
"2024-wimbledon-1101","wimbledon",2024,"1:33:01",134,"Jannik Sinner","Yannick Hanfmann",95,2,1,2,"W","NCTL",2,2,9.742,14.071,1,0.79356905824465,0,1,3,0,2,"sinner j.","hanfmann y.",3,1,1.8,5.4,1568.35149278613,1500,5581
"2024-wimbledon-1101","wimbledon",2024,"1:33:57",135,"Jannik Sinner","Yannick Hanfmann",121,1,2,2,"C","NCTL",3,3,11.651,10.785,0,1.06427604871448,0,0,3,0,2,"sinner j.","hanfmann y.",1,1,1.8,1.8,1568.35149278613,1500,5637
"2024-wimbledon-1101","wimbledon",2024,"1:34:26",136,"Jannik Sinner","Yannick Hanfmann",121,1,2,2,"B","CTL",1,3,7.976,6.117,0,1.06427604871448,0,0,3,0,2,"sinner j.","hanfmann y.",1,1,1.8,1.8,1568.35149278613,1500,5666
"2024-wimbledon-1101","wimbledon",2024,"1:34:48",137,"Jannik Sinner","Yannick Hanfmann",120,1,2,1,"C","NCTL",2,3,8.426,7.374,1,1.05548037889039,0,0,3,0,2,"sinner j.","hanfmann y.",1,1,1.8,1.8,1568.35149278613,1500,5688
"2024-wimbledon-1101","wimbledon",2024,"1:35:16",138,"Jannik Sinner","Yannick Hanfmann",87,2,2,2,"BW","CTL",15,3,50.128,49.536,1,0.765223274695535,0,0,3,0,2,"sinner j.","hanfmann y.",1,1,1.8,1.8,1568.35149278613,1500,5716
"2024-wimbledon-1101","wimbledon",2024,"1:36:21",139,"Jannik Sinner","Yannick Hanfmann",83,2,2,1,"B","NCTL",2,3,5.919,5.2,0,0.730040595399188,0,0,3,0,2,"sinner j.","hanfmann y.",1,1,1.8,1.8,1568.35149278613,1500,5781
"2024-wimbledon-1101","wimbledon",2024,"1:37:08",140,"Jannik Sinner","Yannick Hanfmann",92,2,2,2,"W","CTL",1,3,1.423,1.444,1,0.809201623815967,0,0,3,0,3,"sinner j.","hanfmann y.",1,1,1.8,1.8,1568.35149278613,1500,5828
"2024-wimbledon-1101","wimbledon",2024,"1:39:01",141,"Jannik Sinner","Yannick Hanfmann",119,1,1,1,"W","CTL",1,4,0.811,0.987,1,0.994049662432773,0,0,3,0,3,"sinner j.","hanfmann y.",1,1,1.8,1.8,1568.35149278613,1500,5941
"2024-wimbledon-1101","wimbledon",2024,"1:39:21",142,"Jannik Sinner","Yannick Hanfmann",119,1,1,2,"BW","NCTL",2,4,4.078,6.304,0,0.994049662432773,0,0,3,0,3,"sinner j.","hanfmann y.",1,1,1.8,1.8,1568.35149278613,1500,5961
"2024-wimbledon-1101","wimbledon",2024,"1:39:59",143,"Jannik Sinner","Yannick Hanfmann",102,2,1,2,"BC","NCTL",8,4,30.074,28.613,1,0.852042567799519,0,0,3,0,3,"sinner j.","hanfmann y.",1,1,1.8,1.8,1568.35149278613,1500,5999
"2024-wimbledon-1101","wimbledon",2024,"1:40:56",144,"Jannik Sinner","Yannick Hanfmann",93,2,1,2,"B","NCTL",4,4,17.048,15.232,1,0.776862341228974,0,0,3,0,3,"sinner j.","hanfmann y.",1,1,1.8,1.8,1568.35149278613,1500,6056
"2024-wimbledon-1101","wimbledon",2024,"1:41:44",145,"Jannik Sinner","Yannick Hanfmann",103,2,1,1,"C","NCTL",5,4,21.2,20.769,0,0.860395926307358,0,1,3,0,3,"sinner j.","hanfmann y.",3,1,1.8,5.4,1568.35149278613,1500,6104
"2024-wimbledon-1101","wimbledon",2024,"1:42:34",146,"Jannik Sinner","Yannick Hanfmann",118,1,1,2,"B","NCTL",6,4,23.997,23.814,0,0.985696303924934,0,1,3,0,4,"sinner j.","hanfmann y.",3,1,1.8,5.4,1568.35149278613,1500,6154
"2024-wimbledon-1101","wimbledon",2024,"1:43:25",147,"Jannik Sinner","Yannick Hanfmann",96,1,2,2,"W","CTL",1,5,6.66,5.335,0,0.844384303112314,0,0,3,0,4,"sinner j.","hanfmann y.",1,1,1.8,1.8,1568.35149278613,1500,6205
"2024-wimbledon-1101","wimbledon",2024,"1:43:47",148,"Jannik Sinner","Yannick Hanfmann",101,1,2,2,"C","NCTL",3,5,22.994,12.468,0,0.888362652232747,0,0,3,0,4,"sinner j.","hanfmann y.",1,1,1.8,1.8,1568.35149278613,1500,6227
"2024-wimbledon-1101","wimbledon",2024,"1:44:14",149,"Jannik Sinner","Yannick Hanfmann",106,1,2,1,"W","NCTL",6,5,34.541,26.803,1,0.93234100135318,0,0,3,0,4,"sinner j.","hanfmann y.",1,1,1.8,1.8,1568.35149278613,1500,6254
"2024-wimbledon-1101","wimbledon",2024,"1:45:08",150,"Jannik Sinner","Yannick Hanfmann",100,2,2,1,"BW","NCTL",2,5,9.072,10.424,0,0.87956698240866,0,0,3,0,4,"sinner j.","hanfmann y.",1,1,1.8,1.8,1568.35149278613,1500,6308
"2024-wimbledon-1101","wimbledon",2024,"1:45:52",151,"Jannik Sinner","Yannick Hanfmann",113,1,2,1,"BC","NCTL",2,5,9.415,6.317,1,0.993910690121786,0,0,3,0,4,"sinner j.","hanfmann y.",1,1,1.8,1.8,1568.35149278613,1500,6352
"2024-wimbledon-1101","wimbledon",2024,"1:46:23",152,"Jannik Sinner","Yannick Hanfmann",118,1,2,1,"BW","NCTL",2,5,5.433,4.498,1,1.03788903924222,1,0,3,1,4,"sinner j.","hanfmann y.",3,1,1.8,5.4,1568.35149278613,1500,6383
"2024-wimbledon-1101","wimbledon",2024,"1:48:03",153,"Jannik Sinner","Yannick Hanfmann",121,1,1,1,"C","NCTL",5,6,13.746,18.351,1,1.01075637944845,0,0,3,1,4,"sinner j.","hanfmann y.",1,1,1.8,1.8,1568.35149278613,1500,6483
"2024-wimbledon-1101","wimbledon",2024,"1:48:33",154,"Jannik Sinner","Yannick Hanfmann",94,2,1,2,"B","NCTL",2,6,6.538,8.189,1,0.785215699736812,0,0,3,1,4,"sinner j.","hanfmann y.",1,1,1.8,1.8,1568.35149278613,1500,6513
"2024-wimbledon-1101","wimbledon",2024,"1:49:11",155,"Jannik Sinner","Yannick Hanfmann",104,2,1,1,"C","NCTL",3,6,8.565,10.961,0,0.868749284815196,0,0,3,1,4,"sinner j.","hanfmann y.",1,1,1.8,1.8,1568.35149278613,1500,6551
"2024-wimbledon-1101","wimbledon",2024,"1:49:46",156,"Jannik Sinner","Yannick Hanfmann",119,1,1,1,"BC","NCTL",5,6,15.606,21.844,1,0.994049662432773,0,0,3,1,4,"sinner j.","hanfmann y.",1,1,1.8,1.8,1568.35149278613,1500,6586
"2024-wimbledon-1101","wimbledon",2024,"1:50:15",157,"Jannik Sinner","Yannick Hanfmann",119,1,1,2,"B","CTL",2,6,8.779,7.292,0,0.994049662432773,0,0,3,1,4,"sinner j.","hanfmann y.",1,1,1.8,1.8,1568.35149278613,1500,6615
"2024-wimbledon-1101","wimbledon",2024,"1:51:27",159,"Jannik Sinner","Yannick Hanfmann",123,1,1,2,"BC","NCTL",6,6,21.222,17.804,0,1.02746309646413,0,0,3,1,4,"sinner j.","hanfmann y.",1,1,1.8,1.8,1568.35149278613,1500,6687
"2024-wimbledon-1101","wimbledon",2024,"1:52:06",160,"Jannik Sinner","Yannick Hanfmann",115,1,1,1,"BW","NCTL",5,6,12.275,19.845,1,0.960636228401419,0,1,3,1,4,"sinner j.","hanfmann y.",3,1,1.8,5.4,1568.35149278613,1500,6726
"2024-wimbledon-1101","wimbledon",2024,"1:52:41",161,"Jannik Sinner","Yannick Hanfmann",102,2,1,1,"BC","NCTL",1,6,4.836,4.369,0,0.852042567799519,0,0,3,1,4,"sinner j.","hanfmann y.",1,1,1.8,1.8,1568.35149278613,1500,6761
"2024-wimbledon-1101","wimbledon",2024,"1:53:12",162,"Jannik Sinner","Yannick Hanfmann",97,2,1,2,"BW","NCTL",4,6,15.478,16.276,1,0.810275775260327,0,0,3,1,4,"sinner j.","hanfmann y.",1,1,1.8,1.8,1568.35149278613,1500,6792
"2024-wimbledon-1101","wimbledon",2024,"1:53:56",163,"Jannik Sinner","Yannick Hanfmann",104,2,1,2,"BW","NCTL",2,6,6.506,5.625,1,0.868749284815196,0,0,3,1,4,"sinner j.","hanfmann y.",1,1,1.8,1.8,1568.35149278613,1500,6836
"2024-wimbledon-1101","wimbledon",2024,"1:54:39",164,"Jannik Sinner","Yannick Hanfmann",119,1,1,1,"BW","NCTL",3,6,10.971,13.728,1,0.994049662432773,0,1,3,1,4,"sinner j.","hanfmann y.",3,1,1.8,5.4,1568.35149278613,1500,6879
"2024-wimbledon-1101","wimbledon",2024,"1:55:12",165,"Jannik Sinner","Yannick Hanfmann",118,1,1,2,"W","NCTL",4,6,10.974,13.422,0,0.985696303924934,0,0,3,1,4,"sinner j.","hanfmann y.",1,1,1.8,1.8,1568.35149278613,1500,6912
"2024-wimbledon-1101","wimbledon",2024,"1:55:43",166,"Jannik Sinner","Yannick Hanfmann",121,1,1,1,"W","CTL",3,6,7.07,9.803,1,1.01075637944845,0,1,3,1,4,"sinner j.","hanfmann y.",3,1,1.8,5.4,1568.35149278613,1500,6943
"2024-wimbledon-1101","wimbledon",2024,"1:56:13",167,"Jannik Sinner","Yannick Hanfmann",108,2,1,1,"B","NCTL",1,6,3.195,4.342,0,0.90216271884655,0,0,3,1,4,"sinner j.","hanfmann y.",1,1,1.8,1.8,1568.35149278613,1500,6973
"2024-wimbledon-1101","wimbledon",2024,"1:56:47",168,"Jannik Sinner","Yannick Hanfmann",123,1,1,1,"C","CTL",7,6,30.944,26.851,1,1.02746309646413,0,0,3,2,4,"sinner j.","hanfmann y.",1,1,1.8,1.8,1568.35149278613,1500,7007
"2024-wimbledon-1101","wimbledon",2024,"1:58:02",169,"Jannik Sinner","Yannick Hanfmann",101,2,2,2,"B","NCTL",3,7,12.854,10.085,1,0.888362652232747,0,0,3,2,4,"sinner j.","hanfmann y.",1,1,1.8,1.8,1568.35149278613,1500,7082
"2024-wimbledon-1101","wimbledon",2024,"1:58:37",170,"Jannik Sinner","Yannick Hanfmann",114,1,2,2,"C","CTL",1,7,3.43,1.968,0,1.00270635994587,0,0,3,2,4,"sinner j.","hanfmann y.",1,1,1.8,1.8,1568.35149278613,1500,7117
"2024-wimbledon-1101","wimbledon",2024,"1:58:57",171,"Jannik Sinner","Yannick Hanfmann",102,1,2,1,"W","CTL",2,7,8.029,5.246,1,0.897158322056834,0,0,3,2,4,"sinner j.","hanfmann y.",1,1,1.8,1.8,1568.35149278613,1500,7137
"2024-wimbledon-1101","wimbledon",2024,"1:59:23",172,"Jannik Sinner","Yannick Hanfmann",116,1,2,2,"C","NCTL",9,7,34.808,34.124,0,1.02029769959405,0,0,3,2,4,"sinner j.","hanfmann y.",1,1,1.8,1.8,1568.35149278613,1500,7163
"2024-wimbledon-1101","wimbledon",2024,"2:00:08",173,"Jannik Sinner","Yannick Hanfmann",85,2,2,2,"BC","NCTL",5,7,27.272,20.587,1,0.747631935047361,0,0,3,2,5,"sinner j.","hanfmann y.",1,1.8,1.8,3.24,1568.35149278613,1500,7208
"2024-wimbledon-1101","wimbledon",2024,"2:02:00",174,"Jannik Sinner","Yannick Hanfmann",117,1,1,2,"C","NCTL",8,8,29.806,32.053,0,0.977342945417096,0,0,3,2,5,"sinner j.","hanfmann y.",1,1.8,1.8,3.24,1568.35149278613,1500,7320
"2024-wimbledon-1101","wimbledon",2024,"2:02:42",175,"Jannik Sinner","Yannick Hanfmann",119,1,1,1,"BC","NCTL",1,8,4.323,4.659,1,0.994049662432773,0,0,3,2,5,"sinner j.","hanfmann y.",1,1.8,1.8,3.24,1568.35149278613,1500,7362
"2024-wimbledon-1101","wimbledon",2024,"2:03:03",176,"Jannik Sinner","Yannick Hanfmann",115,1,1,1,"W","CTL",1,8,5.767,6.973,1,0.960636228401419,0,0,3,2,5,"sinner j.","hanfmann y.",1,1.8,1.8,3.24,1568.35149278613,1500,7383
"2024-wimbledon-1101","wimbledon",2024,"2:03:24",177,"Jannik Sinner","Yannick Hanfmann",115,1,1,1,"C","NCTL",1,8,0.647,0.948,1,0.960636228401419,0,0,3,2,5,"sinner j.","hanfmann y.",1,1.8,1.8,3.24,1568.35149278613,1500,7404
"2024-wimbledon-1101","wimbledon",2024,"2:03:44",178,"Jannik Sinner","Yannick Hanfmann",108,2,1,2,"B","NCTL",6,8,18.918,21.264,1,0.90216271884655,0,0,3,2,5,"sinner j.","hanfmann y.",1,1.8,1.8,3.24,1568.35149278613,1500,7424
"2024-wimbledon-1101","wimbledon",2024,"2:04:27",179,"Jannik Sinner","Yannick Hanfmann",121,1,1,1,"C","NCTL",3,8,9.411,10.317,1,1.01075637944845,0,0,3,3,5,"sinner j.","hanfmann y.",1,1.8,1.8,3.24,1568.35149278613,1500,7467
"2024-wimbledon-1101","wimbledon",2024,"2:05:48",181,"Jannik Sinner","Yannick Hanfmann",114,1,2,2,"C","NCTL",3,9,11.532,10.392,0,1.00270635994587,0,0,3,3,5,"sinner j.","hanfmann y.",1,1.8,1.8,3.24,1568.35149278613,1500,7548
"2024-wimbledon-1101","wimbledon",2024,"2:06:17",182,"Jannik Sinner","Yannick Hanfmann",94,2,2,1,"C","NCTL",8,9,23.528,28.466,0,0.826792963464141,0,0,3,3,5,"sinner j.","hanfmann y.",1,1.8,1.8,3.24,1568.35149278613,1500,7577
"2024-wimbledon-1101","wimbledon",2024,"2:07:04",183,"Jannik Sinner","Yannick Hanfmann",101,1,2,2,"C","NCTL",5,9,16.375,16.394,0,0.888362652232747,0,0,3,3,5,"sinner j.","hanfmann y.",1,1.8,1.8,3.24,1568.35149278613,1500,7624
"2024-wimbledon-1101","wimbledon",2024,"2:07:36",184,"Jannik Sinner","Yannick Hanfmann",123,1,2,2,"C","NCTL",5,9,15.678,11.023,0,1.08186738836265,0,0,3,3,5,"sinner j.","hanfmann y.",1,1.8,1.8,3.24,1568.35149278613,1500,7656
"2024-wimbledon-1101","wimbledon",2024,"2:08:10",185,"Jannik Sinner","Yannick Hanfmann",88,2,2,2,"BW","NCTL",13,9,58.282,48.571,1,0.774018944519621,0,0,3,3,6,"sinner j.","hanfmann y.",1,1.8,1.8,3.24,1568.35149278613,1500,7690
"2024-wimbledon-1101","wimbledon",2024,"2:22:11",186,"Jannik Sinner","Yannick Hanfmann",108,2,1,1,"B","CTL",1,1,5.123,5.862,0,0.90216271884655,0,0,4,0,0,"sinner j.","hanfmann y.",1,1,2.2,2.2,1568.35149278613,1500,8531
"2024-wimbledon-1101","wimbledon",2024,"2:22:47",187,"Jannik Sinner","Yannick Hanfmann",123,1,1,2,"W","NCTL",10,1,36.798,35.062,0,1.02746309646413,0,0,4,0,0,"sinner j.","hanfmann y.",1,1,2.2,2.2,1568.35149278613,1500,8567
"2024-wimbledon-1101","wimbledon",2024,"2:23:32",188,"Jannik Sinner","Yannick Hanfmann",108,2,1,2,"BW","NCTL",10,1,38.15,33.691,1,0.90216271884655,0,0,4,0,0,"sinner j.","hanfmann y.",1,1,2.2,2.2,1568.35149278613,1500,8612
"2024-wimbledon-1101","wimbledon",2024,"2:24:25",189,"Jannik Sinner","Yannick Hanfmann",124,1,1,1,"BW","CTL",5,1,12.713,13.445,1,1.03581645497196,0,0,4,0,0,"sinner j.","hanfmann y.",1,1,2.2,2.2,1568.35149278613,1500,8665
"2024-wimbledon-1101","wimbledon",2024,"2:24:54",190,"Jannik Sinner","Yannick Hanfmann",109,2,1,1,"W","NCTL",1,1,4.399,5.093,0,0.910516077354388,0,0,4,0,0,"sinner j.","hanfmann y.",1,1,2.2,2.2,1568.35149278613,1500,8694
"2024-wimbledon-1101","wimbledon",2024,"2:25:30",191,"Jannik Sinner","Yannick Hanfmann",121,1,1,1,"C","NCTL",1,1,3.432,4.974,1,1.01075637944845,0,0,4,1,0,"sinner j.","hanfmann y.",1,1,2.2,2.2,1568.35149278613,1500,8730
"2024-wimbledon-1101","wimbledon",2024,"2:26:33",192,"Jannik Sinner","Yannick Hanfmann",124,1,2,1,"C","NCTL",2,2,8.312,6.505,1,1.09066305818674,0,0,4,1,0,"sinner j.","hanfmann y.",1,1,2.2,2.2,1568.35149278613,1500,8793
"2024-wimbledon-1101","wimbledon",2024,"2:26:57",193,"Jannik Sinner","Yannick Hanfmann",92,2,2,2,"BW","NCTL",3,2,13.325,11.587,1,0.809201623815967,0,0,4,1,0,"sinner j.","hanfmann y.",1,1,2.2,2.2,1568.35149278613,1500,8817
"2024-wimbledon-1101","wimbledon",2024,"2:27:35",194,"Jannik Sinner","Yannick Hanfmann",114,1,2,2,"C","NCTL",1,2,5.491,3.854,0,1.00270635994587,0,0,4,1,0,"sinner j.","hanfmann y.",1,1,2.2,2.2,1568.35149278613,1500,8855
"2024-wimbledon-1101","wimbledon",2024,"2:28:03",195,"Jannik Sinner","Yannick Hanfmann",122,1,2,2,"BC","NCTL",1,2,4.212,3.284,0,1.07307171853857,0,0,4,1,0,"sinner j.","hanfmann y.",1,1,2.2,2.2,1568.35149278613,1500,8883
"2024-wimbledon-1101","wimbledon",2024,"2:28:27",196,"Jannik Sinner","Yannick Hanfmann",121,1,2,2,"C","CTL",1,2,1.04,1.002,0,1.06427604871448,0,0,4,1,1,"sinner j.","hanfmann y.",1,1,2.2,2.2,1568.35149278613,1500,8907
"2024-wimbledon-1101","wimbledon",2024,"2:28:57",197,"Jannik Sinner","Yannick Hanfmann",121,1,1,1,"W","NCTL",3,3,9.601,10.823,1,1.01075637944845,0,0,4,1,1,"sinner j.","hanfmann y.",1,1,2.2,2.2,1568.35149278613,1500,8937
"2024-wimbledon-1101","wimbledon",2024,"2:29:21",198,"Jannik Sinner","Yannick Hanfmann",93,2,1,2,"W","CTL",2,3,7.424,9.806,1,0.776862341228974,0,0,4,1,1,"sinner j.","hanfmann y.",1,1,2.2,2.2,1568.35149278613,1500,8961
"2024-wimbledon-1101","wimbledon",2024,"2:30:04",199,"Jannik Sinner","Yannick Hanfmann",130,1,1,1,"C","NCTL",1,3,8.493,10.076,1,1.085936606019,0,0,4,1,1,"sinner j.","hanfmann y.",1,1,2.2,2.2,1568.35149278613,1500,9004
"2024-wimbledon-1101","wimbledon",2024,"2:30:27",200,"Jannik Sinner","Yannick Hanfmann",120,1,1,1,"BW","NCTL",3,3,6.759,8.705,1,1.00240302094061,0,0,4,1,1,"sinner j.","hanfmann y.",1,1,2.2,2.2,1568.35149278613,1500,9027
"2024-wimbledon-1101","wimbledon",2024,"2:30:52",201,"Jannik Sinner","Yannick Hanfmann",123,1,1,1,"C","NCTL",3,3,16.329,9.964,1,1.02746309646413,0,0,4,2,1,"sinner j.","hanfmann y.",1,1,2.2,2.2,1568.35149278613,1500,9052
"2024-wimbledon-1101","wimbledon",2024,"2:32:46",202,"Jannik Sinner","Yannick Hanfmann",124,1,2,2,"C","NCTL",1,4,9.746,7.961,0,1.09066305818674,0,0,4,2,1,"sinner j.","hanfmann y.",1,1,2.2,2.2,1568.35149278613,1500,9166
"2024-wimbledon-1101","wimbledon",2024,"2:33:06",203,"Jannik Sinner","Yannick Hanfmann",119,1,2,2,"BW","NCTL",3,4,8.244,9.728,0,1.04668470906631,0,0,4,2,1,"sinner j.","hanfmann y.",1,1,2.2,2.2,1568.35149278613,1500,9186
"2024-wimbledon-1101","wimbledon",2024,"2:33:32",204,"Jannik Sinner","Yannick Hanfmann",108,1,2,1,"W","NCTL",4,4,17.787,14.1,1,0.949932341001353,0,0,4,2,1,"sinner j.","hanfmann y.",1,1,2.2,2.2,1568.35149278613,1500,9212
"2024-wimbledon-1101","wimbledon",2024,"2:34:08",205,"Jannik Sinner","Yannick Hanfmann",118,1,2,1,"BW","CTL",6,4,20.441,21.31,1,1.03788903924222,0,0,4,2,1,"sinner j.","hanfmann y.",1,1,2.2,2.2,1568.35149278613,1500,9248
"2024-wimbledon-1101","wimbledon",2024,"2:34:44",206,"Jannik Sinner","Yannick Hanfmann",124,1,2,2,"C","NCTL",1,4,7.502,5.148,0,1.09066305818674,0,0,4,2,1,"sinner j.","hanfmann y.",1,1,2.2,2.2,1568.35149278613,1500,9284
"2024-wimbledon-1101","wimbledon",2024,"2:35:10",207,"Jannik Sinner","Yannick Hanfmann",99,2,2,1,"B","NCTL",8,4,27.978,29.775,0,0.870771312584574,0,0,4,2,1,"sinner j.","hanfmann y.",1,1,2.2,2.2,1568.35149278613,1500,9310
"2024-wimbledon-1101","wimbledon",2024,"2:36:05",208,"Jannik Sinner","Yannick Hanfmann",113,1,2,2,"BW","NCTL",3,4,6.754,6.114,0,0.993910690121786,0,0,4,2,1,"sinner j.","hanfmann y.",1,1,2.2,2.2,1568.35149278613,1500,9365
"2024-wimbledon-1101","wimbledon",2024,"2:36:34",209,"Jannik Sinner","Yannick Hanfmann",118,1,2,1,"C","NCTL",2,4,11.489,10.521,1,1.03788903924222,0,0,4,2,1,"sinner j.","hanfmann y.",1,1,2.2,2.2,1568.35149278613,1500,9394
"2024-wimbledon-1101","wimbledon",2024,"2:37:06",210,"Jannik Sinner","Yannick Hanfmann",125,1,2,2,"C","NCTL",1,4,8.582,7.813,0,1.09945872801083,0,0,4,2,1,"sinner j.","hanfmann y.",1,1,2.2,2.2,1568.35149278613,1500,9426
"2024-wimbledon-1101","wimbledon",2024,"2:37:27",211,"Jannik Sinner","Yannick Hanfmann",83,2,2,1,"BW","NCTL",2,4,7.315,7.977,0,0.730040595399188,0,0,4,2,1,"sinner j.","hanfmann y.",1,1,2.2,2.2,1568.35149278613,1500,9447
"2024-wimbledon-1101","wimbledon",2024,"2:38:09",212,"Jannik Sinner","Yannick Hanfmann",106,1,2,2,"W","CTL",1,4,1.406,1.095,0,0.93234100135318,0,0,4,2,1,"sinner j.","hanfmann y.",1,1,2.2,2.2,1568.35149278613,1500,9489
"2024-wimbledon-1101","wimbledon",2024,"2:38:35",213,"Jannik Sinner","Yannick Hanfmann",110,1,2,1,"C","NCTL",4,4,13.815,16.661,1,0.967523680649526,0,0,4,2,1,"sinner j.","hanfmann y.",1,1,2.2,2.2,1568.35149278613,1500,9515
"2024-wimbledon-1101","wimbledon",2024,"2:39:09",214,"Jannik Sinner","Yannick Hanfmann",105,1,2,1,"B","NCTL",14,4,46.279,46.247,1,0.923545331529093,0,0,4,2,1,"sinner j.","hanfmann y.",1,1,2.2,2.2,1568.35149278613,1500,9549
"2024-wimbledon-1101","wimbledon",2024,"2:40:48",215,"Jannik Sinner","Yannick Hanfmann",114,1,2,1,"C","NCTL",6,4,24.629,28.723,1,1.00270635994587,1,0,4,3,1,"sinner j.","hanfmann y.",3,1,2.2,6.6,1568.35149278613,1500,9648
"2024-wimbledon-1101","wimbledon",2024,"2:41:29",216,"Jannik Sinner","Yannick Hanfmann",116,1,1,1,"W","CTL",1,5,0.935,1.657,1,0.968989586909257,0,0,4,3,1,"sinner j.","hanfmann y.",1,1,2.2,2.2,1568.35149278613,1500,9689
"2024-wimbledon-1101","wimbledon",2024,"2:42:01",217,"Jannik Sinner","Yannick Hanfmann",125,1,1,1,"BW","NCTL",3,5,7.809,12.952,1,1.0441698134798,0,0,4,3,1,"sinner j.","hanfmann y.",1,1,2.2,2.2,1568.35149278613,1500,9721
"2024-wimbledon-1101","wimbledon",2024,"2:42:24",218,"Jannik Sinner","Yannick Hanfmann",117,1,1,1,"BC","NCTL",5,5,18.787,24.57,1,0.977342945417096,0,0,4,3,1,"sinner j.","hanfmann y.",1,1,2.2,2.2,1568.35149278613,1500,9744
"2024-wimbledon-1101","wimbledon",2024,"2:42:56",219,"Jannik Sinner","Yannick Hanfmann",93,1,1,1,"W","CTL",1,5,8.585,8.709,1,0.776862341228974,0,0,4,4,1,"sinner j.","hanfmann y.",1,1,2.2,2.2,1568.35149278613,1500,9776
"2024-wimbledon-1101","wimbledon",2024,"2:44:43",220,"Jannik Sinner","Yannick Hanfmann",107,1,2,2,"W","CTL",1,6,1.288,1.327,0,0.941136671177267,0,0,4,4,1,"sinner j.","hanfmann y.",1,1,2.2,2.2,1568.35149278613,1500,9883
"2024-wimbledon-1101","wimbledon",2024,"2:45:01",221,"Jannik Sinner","Yannick Hanfmann",122,1,2,1,"BW","NCTL",2,6,9.367,6.913,1,1.07307171853857,0,0,4,4,1,"sinner j.","hanfmann y.",1,1,2.2,2.2,1568.35149278613,1500,9901
"2024-wimbledon-1101","wimbledon",2024,"2:45:24",222,"Jannik Sinner","Yannick Hanfmann",106,1,2,2,"W","CTL",9,6,32.074,31.982,0,0.93234100135318,0,0,4,4,1,"sinner j.","hanfmann y.",1,1,2.2,2.2,1568.35149278613,1500,9924
"2024-wimbledon-1101","wimbledon",2024,"2:46:05",223,"Jannik Sinner","Yannick Hanfmann",124,1,2,2,"BW","NCTL",3,6,12.565,9.11,0,1.09066305818674,0,0,4,4,1,"sinner j.","hanfmann y.",1,1,2.2,2.2,1568.35149278613,1500,9965
"2024-wimbledon-1101","wimbledon",2024,"2:46:31",224,"Jannik Sinner","Yannick Hanfmann",95,2,2,2,"BC","NCTL",1,6,5.155,4.114,1,0.835588633288227,0,0,4,4,2,"sinner j.","hanfmann y.",1,1,2.2,2.2,1568.35149278613,1500,9991
"2024-wimbledon-1101","wimbledon",2024,"2:47:33",225,"Jannik Sinner","Yannick Hanfmann",121,1,1,1,"C","NCTL",1,7,1.103,1.283,1,1.01075637944845,0,0,4,4,2,"sinner j.","hanfmann y.",1,1,2.2,2.2,1568.35149278613,1500,10053
"2024-wimbledon-1101","wimbledon",2024,"2:47:54",226,"Jannik Sinner","Yannick Hanfmann",104,2,1,2,"B","CTL",2,7,7.486,8.066,1,0.868749284815196,0,0,4,4,2,"sinner j.","hanfmann y.",1,1,2.2,2.2,1568.35149278613,1500,10074
"2024-wimbledon-1101","wimbledon",2024,"2:48:32",227,"Jannik Sinner","Yannick Hanfmann",104,2,1,1,"C","CTL",7,7,26.332,27.429,0,0.868749284815196,0,0,4,4,2,"sinner j.","hanfmann y.",1,1,2.2,2.2,1568.35149278613,1500,10112
"2024-wimbledon-1101","wimbledon",2024,"2:49:20",228,"Jannik Sinner","Yannick Hanfmann",85,2,1,1,"B","NCTL",5,7,16.177,19.045,0,0.710035473166266,0,0,4,4,2,"sinner j.","hanfmann y.",1,1,2.2,2.2,1568.35149278613,1500,10160
"2024-wimbledon-1101","wimbledon",2024,"2:50:01",229,"Jannik Sinner","Yannick Hanfmann",120,1,1,1,"B","NCTL",3,7,15.593,12.502,1,1.00240302094061,0,0,4,5,2,"sinner j.","hanfmann y.",1,1.8,2.2,3.96,1568.35149278613,1500,10201
"2024-wimbledon-1101","wimbledon",2024,"2:51:55",230,"Jannik Sinner","Yannick Hanfmann",105,2,2,1,"BC","NCTL",4,8,12.976,11.941,0,0.923545331529093,0,0,4,5,2,"sinner j.","hanfmann y.",1,1.8,2.2,3.96,1568.35149278613,1500,10315
"2024-wimbledon-1101","wimbledon",2024,"2:52:36",231,"Jannik Sinner","Yannick Hanfmann",90,2,2,2,"BW","NCTL",1,8,4.206,3.946,1,0.791610284167794,0,0,4,5,2,"sinner j.","hanfmann y.",1,1.8,2.2,3.96,1568.35149278613,1500,10356
"2024-wimbledon-1101","wimbledon",2024,"2:53:26",232,"Jannik Sinner","Yannick Hanfmann",100,2,2,2,"B","CTL",3,8,8.009,6.179,1,0.87956698240866,0,0,4,5,2,"sinner j.","hanfmann y.",1,1.8,2.2,3.96,1568.35149278613,1500,10406
"2024-wimbledon-1101","wimbledon",2024,"2:54:05",233,"Jannik Sinner","Yannick Hanfmann",103,2,2,2,"C","NCTL",1,8,1.261,1.043,1,0.90595399188092,0,0,4,5,2,"sinner j.","hanfmann y.",1,1.8,2.2,3.96,1568.35149278613,1500,10445
"2024-wimbledon-1101","wimbledon",2024,"2:54:41",234,"Jannik Sinner","Yannick Hanfmann",126,1,2,2,"C","NCTL",1,8,5.312,5.205,0,1.10825439783491,0,0,4,5,3,"sinner j.","hanfmann y.",1,1.8,2.2,3.96,1568.35149278613,1500,10481
"2024-wimbledon-1101","wimbledon",2024,"2:55:16",235,"Jannik Sinner","Yannick Hanfmann",120,1,1,2,"BW","NCTL",2,9,7.743,8.763,0,1.00240302094061,0,0,4,5,3,"sinner j.","hanfmann y.",1,1.8,2.2,3.96,1568.35149278613,1500,10516
"2024-wimbledon-1101","wimbledon",2024,"2:55:44",236,"Jannik Sinner","Yannick Hanfmann",122,1,1,1,"C","NCTL",1,9,0.711,1.545,1,1.01910973795629,0,0,4,5,3,"sinner j.","hanfmann y.",1,1.8,2.2,3.96,1568.35149278613,1500,10544
"2024-wimbledon-1101","wimbledon",2024,"2:56:08",237,"Jannik Sinner","Yannick Hanfmann",127,1,1,1,"C","NCTL",1,9,0.813,1.037,1,1.06087653049548,0,0,4,5,3,"sinner j.","hanfmann y.",1,1.8,2.2,3.96,1568.35149278613,1500,10568
"2024-wimbledon-1101","wimbledon",2024,"2:56:32",238,"Jannik Sinner","Yannick Hanfmann",113,2,1,1,"BC","NCTL",3,9,11.225,9.886,0,0.943929511385742,0,0,4,5,3,"sinner j.","hanfmann y.",1,1.8,2.2,3.96,1568.35149278613,1500,10592
"2024-wimbledon-1101","wimbledon",2024,"2:57:09",239,"Jannik Sinner","Yannick Hanfmann",109,1,1,2,"W","CTL",4,9,15.861,23.12,0,0.910516077354388,0,0,4,5,3,"sinner j.","hanfmann y.",1,1.8,2.2,3.96,1568.35149278613,1500,10629
"2024-wimbledon-1101","wimbledon",2024,"2:57:46",240,"Jannik Sinner","Yannick Hanfmann",110,2,1,1,"C","NCTL",5,9,10.952,13.759,0,0.918869435862227,0,0,4,6,3,"sinner j.","hanfmann y.",1,1.8,2.2,3.96,1568.35149278613,1500,10666
"2024-wimbledon-1102","wimbledon",2024,"0:00:00",1,"Matteo Berrettini","Marton Fucsovics",124,1,1,1,"C","NCTL",3,1,6.327,7.284,1,1.03971119133574,0,0,1,0,0,"berrettini m.","fucsovics m.",1,1,1,1,1518.14848905823,1500,0
"2024-wimbledon-1102","wimbledon",2024,"0:00:23",2,"Matteo Berrettini","Marton Fucsovics",118,1,1,1,"C","NCTL",3,1,11.888,10.644,1,0.989402585303366,0,0,1,0,0,"berrettini m.","fucsovics m.",1,1,1,1,1518.14848905823,1500,23
"2024-wimbledon-1102","wimbledon",2024,"0:01:00",3,"Matteo Berrettini","Marton Fucsovics",130,1,1,1,"C","NCTL",1,1,5.517,6.595,1,1.09001979736811,0,0,1,0,0,"berrettini m.","fucsovics m.",1,1,1,1,1518.14848905823,1500,60
"2024-wimbledon-1102","wimbledon",2024,"0:01:21",4,"Matteo Berrettini","Marton Fucsovics",108,2,1,2,"B","NCTL",2,1,5.935,7.218,1,0.905554908582741,0,0,1,0,0,"berrettini m.","fucsovics m.",1,1,1,1,1518.14848905823,1500,81
"2024-wimbledon-1102","wimbledon",2024,"0:01:52",5,"Matteo Berrettini","Marton Fucsovics",111,1,1,1,"BW","NCTL",1,1,5.927,6.314,1,0.930709211598929,0,0,1,1,0,"berrettini m.","fucsovics m.",1,1,1,1,1518.14848905823,1500,112
"2024-wimbledon-1102","wimbledon",2024,"0:03:03",6,"Matteo Berrettini","Marton Fucsovics",117,1,2,2,"BC","NCTL",3,2,14.73,13.099,0,1.02344296710987,0,0,1,1,0,"berrettini m.","fucsovics m.",1,1,1,1,1518.14848905823,1500,183
"2024-wimbledon-1102","wimbledon",2024,"0:03:35",7,"Matteo Berrettini","Marton Fucsovics",95,2,2,1,"BW","NCTL",4,2,16.221,15.915,0,0.831000699790063,0,0,1,1,0,"berrettini m.","fucsovics m.",1,1,1,1,1518.14848905823,1500,215
"2024-wimbledon-1102","wimbledon",2024,"0:04:18",8,"Matteo Berrettini","Marton Fucsovics",116,1,2,1,"C","NCTL",2,2,7.217,7.021,1,1.0146955913226,0,0,1,1,0,"berrettini m.","fucsovics m.",1,1,1,1,1518.14848905823,1500,258
"2024-wimbledon-1102","wimbledon",2024,"0:04:46",9,"Matteo Berrettini","Marton Fucsovics",116,1,2,1,"C","NCTL",2,2,9.239,7.545,1,1.0146955913226,0,0,1,1,0,"berrettini m.","fucsovics m.",1,1,1,1,1518.14848905823,1500,286
"2024-wimbledon-1102","wimbledon",2024,"0:05:14",10,"Matteo Berrettini","Marton Fucsovics",121,1,2,2,"C","NCTL",1,2,6.865,6.154,0,1.05843247025892,1,0,1,1,0,"berrettini m.","fucsovics m.",3,1,1,3,1518.14848905823,1500,314
"2024-wimbledon-1102","wimbledon",2024,"0:05:38",11,"Matteo Berrettini","Marton Fucsovics",92,2,2,2,"BW","NCTL",3,2,14.856,11.192,1,0.804758572428272,1,0,1,1,0,"berrettini m.","fucsovics m.",3,1,1,3,1518.14848905823,1500,338
"2024-wimbledon-1102","wimbledon",2024,"0:06:20",12,"Matteo Berrettini","Marton Fucsovics",98,2,2,1,"BC","NCTL",2,2,8.673,6.279,0,0.857242827151855,0,0,1,1,0,"berrettini m.","fucsovics m.",1,1,1,1,1518.14848905823,1500,380
"2024-wimbledon-1102","wimbledon",2024,"0:06:58",13,"Matteo Berrettini","Marton Fucsovics",120,1,2,2,"C","NCTL",1,2,5.109,5.71,0,1.04968509447166,1,0,1,1,0,"berrettini m.","fucsovics m.",3,1,1,3,1518.14848905823,1500,418
"2024-wimbledon-1102","wimbledon",2024,"0:07:18",14,"Matteo Berrettini","Marton Fucsovics",96,2,2,1,"C","NCTL",6,2,22.558,23.572,0,0.839748075577327,0,0,1,1,0,"berrettini m.","fucsovics m.",1,1,1,1,1518.14848905823,1500,438
"2024-wimbledon-1102","wimbledon",2024,"0:08:06",15,"Matteo Berrettini","Marton Fucsovics",95,2,2,2,"BW","NCTL",7,2,38.95,36.585,1,0.831000699790063,1,0,1,1,0,"berrettini m.","fucsovics m.",3,1,1,3,1518.14848905823,1500,486
"2024-wimbledon-1102","wimbledon",2024,"0:09:01",16,"Matteo Berrettini","Marton Fucsovics",114,1,2,2,"W","CTL",9,2,40.465,39.702,0,0.997200839748076,0,0,1,1,0,"berrettini m.","fucsovics m.",1,1,1,1,1518.14848905823,1500,541
"2024-wimbledon-1102","wimbledon",2024,"0:09:43",17,"Matteo Berrettini","Marton Fucsovics",117,1,2,2,"W","CTL",1,2,4.293,2.76,0,1.02344296710987,0,0,1,1,1,"berrettini m.","fucsovics m.",1,1,1,1,1518.14848905823,1500,583
"2024-wimbledon-1102","wimbledon",2024,"0:10:22",18,"Matteo Berrettini","Marton Fucsovics",113,1,1,2,"W","CTL",6,3,21.789,24.937,0,0.947478746943053,0,0,1,1,1,"berrettini m.","fucsovics m.",1,1,1,1,1518.14848905823,1500,622
"2024-wimbledon-1102","wimbledon",2024,"0:10:54",19,"Matteo Berrettini","Marton Fucsovics",101,2,1,1,"B","NCTL",1,3,5.502,6.344,0,0.846861534878304,0,0,1,1,1,"berrettini m.","fucsovics m.",1,1,1,1,1518.14848905823,1500,654
"2024-wimbledon-1102","wimbledon",2024,"0:11:28",20,"Matteo Berrettini","Marton Fucsovics",118,1,1,1,"BW","NCTL",5,3,16.218,22.177,1,0.989402585303366,0,0,1,1,1,"berrettini m.","fucsovics m.",1,1,1,1,1518.14848905823,1500,688
"2024-wimbledon-1102","wimbledon",2024,"0:11:57",21,"Matteo Berrettini","Marton Fucsovics",124,1,1,1,"C","NCTL",1,3,4.976,7.088,1,1.03971119133574,0,0,1,1,1,"berrettini m.","fucsovics m.",1,1,1,1,1518.14848905823,1500,717
"2024-wimbledon-1102","wimbledon",2024,"0:12:19",22,"Matteo Berrettini","Marton Fucsovics",104,2,1,1,"BC","NCTL",5,3,16.998,18.228,0,0.872015837894492,0,0,1,2,1,"berrettini m.","fucsovics m.",1,1,1,1,1518.14848905823,1500,739
"2024-wimbledon-1102","wimbledon",2024,"0:14:21",23,"Matteo Berrettini","Marton Fucsovics",109,1,2,1,"W","NCTL",4,4,13.383,8.289,1,0.953463960811757,0,0,1,2,1,"berrettini m.","fucsovics m.",1,1,1,1,1518.14848905823,1500,861
"2024-wimbledon-1102","wimbledon",2024,"0:14:51",24,"Matteo Berrettini","Marton Fucsovics",97,2,2,2,"BW","NCTL",1,4,5.544,5.686,1,0.848495451364591,0,0,1,2,1,"berrettini m.","fucsovics m.",1,1,1,1,1518.14848905823,1500,891
"2024-wimbledon-1102","wimbledon",2024,"0:15:21",25,"Matteo Berrettini","Marton Fucsovics",123,1,2,2,"C","NCTL",3,4,8.867,6.644,0,1.07592722183345,0,0,1,2,1,"berrettini m.","fucsovics m.",1,1,1,1,1518.14848905823,1500,921
"2024-wimbledon-1102","wimbledon",2024,"0:15:50",26,"Matteo Berrettini","Marton Fucsovics",74,1,2,1,"C","NCTL",8,4,34.024,27.391,1,0.647305808257523,0,0,1,2,1,"berrettini m.","fucsovics m.",1,1,1,1,1518.14848905823,1500,950
"2024-wimbledon-1102","wimbledon",2024,"0:16:36",27,"Matteo Berrettini","Marton Fucsovics",115,1,2,2,"C","NCTL",1,4,5.909,5.302,0,1.00594821553534,0,0,1,2,1,"berrettini m.","fucsovics m.",1,1,1,1,1518.14848905823,1500,996
"2024-wimbledon-1102","wimbledon",2024,"0:17:24",28,"Matteo Berrettini","Marton Fucsovics",121,1,2,2,"W","CTL",1,4,3.623,2.199,0,1.05843247025892,0,0,1,2,2,"berrettini m.","fucsovics m.",1,1,1,1,1518.14848905823,1500,1044
"2024-wimbledon-1102","wimbledon",2024,"0:17:59",29,"Matteo Berrettini","Marton Fucsovics",130,1,1,1,"C","NCTL",3,5,5.381,7.5,1,1.09001979736811,0,0,1,2,2,"berrettini m.","fucsovics m.",1,1,1,1,1518.14848905823,1500,1079
"2024-wimbledon-1102","wimbledon",2024,"0:18:22",30,"Matteo Berrettini","Marton Fucsovics",104,2,1,2,"BW","NCTL",8,5,28.747,31.566,1,0.872015837894492,0,0,1,2,2,"berrettini m.","fucsovics m.",1,1,1,1,1518.14848905823,1500,1102
"2024-wimbledon-1102","wimbledon",2024,"0:19:23",31,"Matteo Berrettini","Marton Fucsovics",130,1,1,1,"C","NCTL",1,5,5.645,6.39,1,1.09001979736811,0,0,1,2,2,"berrettini m.","fucsovics m.",1,1,1,1,1518.14848905823,1500,1163
"2024-wimbledon-1102","wimbledon",2024,"0:19:44",32,"Matteo Berrettini","Marton Fucsovics",132,1,1,1,"W","NCTL",1,5,5.381,4.865,1,1.10678933271224,0,0,1,2,2,"berrettini m.","fucsovics m.",1,1,1,1,1518.14848905823,1500,1184
"2024-wimbledon-1102","wimbledon",2024,"0:20:04",33,"Matteo Berrettini","Marton Fucsovics",109,2,1,1,"B","NCTL",5,5,19.865,21.481,0,0.913939676254804,0,0,1,3,2,"berrettini m.","fucsovics m.",1,1,1,1,1518.14848905823,1500,1204
"2024-wimbledon-1102","wimbledon",2024,"0:22:06",34,"Matteo Berrettini","Marton Fucsovics",115,1,2,2,"C","NCTL",1,6,4.425,4.205,0,1.00594821553534,0,0,1,3,2,"berrettini m.","fucsovics m.",1,1,1,1,1518.14848905823,1500,1326
"2024-wimbledon-1102","wimbledon",2024,"0:22:34",35,"Matteo Berrettini","Marton Fucsovics",94,2,2,2,"BW","NCTL",1,6,5.406,6.236,1,0.822253324002799,0,0,1,3,2,"berrettini m.","fucsovics m.",1,1,1,1,1518.14848905823,1500,1354
"2024-wimbledon-1102","wimbledon",2024,"0:23:05",36,"Matteo Berrettini","Marton Fucsovics",105,2,2,2,"W","CTL",1,6,2.015,1.543,1,0.918474457662701,0,0,1,3,2,"berrettini m.","fucsovics m.",1,1,1,1,1518.14848905823,1500,1385
"2024-wimbledon-1102","wimbledon",2024,"0:23:34",37,"Matteo Berrettini","Marton Fucsovics",114,1,2,2,"W","CTL",3,6,8.786,5.889,0,0.997200839748076,0,0,1,3,3,"berrettini m.","fucsovics m.",1,1,1,1,1518.14848905823,1500,1414
"2024-wimbledon-1102","wimbledon",2024,"0:24:11",38,"Matteo Berrettini","Marton Fucsovics",105,2,1,2,"BC","NCTL",2,7,6.16,9.16,1,0.880400605566554,0,0,1,3,3,"berrettini m.","fucsovics m.",1,1,1,1,1518.14848905823,1500,1451
"2024-wimbledon-1102","wimbledon",2024,"0:24:46",39,"Matteo Berrettini","Marton Fucsovics",123,1,1,1,"W","CTL",1,7,0.801,0.609,1,1.03132642366368,0,0,1,3,3,"berrettini m.","fucsovics m.",1,1,1,1,1518.14848905823,1500,1486
"2024-wimbledon-1102","wimbledon",2024,"0:25:09",40,"Matteo Berrettini","Marton Fucsovics",107,2,1,1,"BC","NCTL",1,7,4.349,4.874,0,0.897170140910679,0,0,1,3,3,"berrettini m.","fucsovics m.",1,1,1,1,1518.14848905823,1500,1509
"2024-wimbledon-1102","wimbledon",2024,"0:25:43",41,"Matteo Berrettini","Marton Fucsovics",124,1,1,1,"C","CTL",1,7,2.958,4.471,1,1.03971119133574,0,0,1,3,3,"berrettini m.","fucsovics m.",1,1,1,1,1518.14848905823,1500,1543
"2024-wimbledon-1102","wimbledon",2024,"0:26:02",42,"Matteo Berrettini","Marton Fucsovics",134,1,1,1,"C","NCTL",1,7,1.266,1.768,1,1.12355886805636,0,0,1,4,3,"berrettini m.","fucsovics m.",1,1,1,1,1518.14848905823,1500,1562
"2024-wimbledon-1102","wimbledon",2024,"0:27:44",43,"Matteo Berrettini","Marton Fucsovics",119,1,2,2,"C","CTL",1,8,8.433,6.119,0,1.04093771868439,0,0,1,4,3,"berrettini m.","fucsovics m.",1,1,1,1,1518.14848905823,1500,1664
"2024-wimbledon-1102","wimbledon",2024,"0:28:06",44,"Matteo Berrettini","Marton Fucsovics",120,1,2,2,"W","CTL",1,8,1.766,1.978,0,1.04968509447166,0,0,1,4,3,"berrettini m.","fucsovics m.",1,1,1,1,1518.14848905823,1500,1686
"2024-wimbledon-1102","wimbledon",2024,"0:28:23",45,"Matteo Berrettini","Marton Fucsovics",122,1,2,2,"C","NCTL",3,8,7.616,6.513,0,1.06717984604619,0,0,1,4,3,"berrettini m.","fucsovics m.",1,1,1,1,1518.14848905823,1500,1703
"2024-wimbledon-1102","wimbledon",2024,"0:28:46",46,"Matteo Berrettini","Marton Fucsovics",91,2,2,1,"BW","NCTL",2,8,4.377,4.623,0,0.796011196641008,0,0,1,4,3,"berrettini m.","fucsovics m.",1,1,1,1,1518.14848905823,1500,1726
"2024-wimbledon-1102","wimbledon",2024,"0:29:26",47,"Matteo Berrettini","Marton Fucsovics",103,2,2,2,"W","CTL",1,8,1.181,0.93,1,0.900979706088174,0,0,1,4,4,"berrettini m.","fucsovics m.",1,1,1,1,1518.14848905823,1500,1766
"2024-wimbledon-1102","wimbledon",2024,"0:30:10",48,"Matteo Berrettini","Marton Fucsovics",130,1,1,1,"C","NCTL",5,9,17.953,26.052,1,1.09001979736811,0,0,1,4,4,"berrettini m.","fucsovics m.",1,1,1,1,1518.14848905823,1500,1810
"2024-wimbledon-1102","wimbledon",2024,"0:30:44",49,"Matteo Berrettini","Marton Fucsovics",118,1,1,1,"C","NCTL",1,9,5.016,6,1,0.989402585303366,0,0,1,4,4,"berrettini m.","fucsovics m.",1,1,1,1,1518.14848905823,1500,1844
"2024-wimbledon-1102","wimbledon",2024,"0:31:03",50,"Matteo Berrettini","Marton Fucsovics",131,1,1,1,"C","CTL",1,9,4.751,5.355,1,1.09840456504018,0,0,1,4,4,"berrettini m.","fucsovics m.",1,1,1,1,1518.14848905823,1500,1863
"2024-wimbledon-1102","wimbledon",2024,"0:31:21",51,"Matteo Berrettini","Marton Fucsovics",124,1,1,1,"BW","NCTL",3,9,16.388,16.475,1,1.03971119133574,0,0,1,5,4,"berrettini m.","fucsovics m.",1,1.8,1,1.8,1518.14848905823,1500,1881
"2024-wimbledon-1102","wimbledon",2024,"0:33:02",52,"Matteo Berrettini","Marton Fucsovics",100,2,2,1,"BC","NCTL",4,10,16.136,11.208,0,0.874737578726382,0,0,1,5,4,"berrettini m.","fucsovics m.",1,1.8,1,1.8,1518.14848905823,1500,1982
"2024-wimbledon-1102","wimbledon",2024,"0:33:47",53,"Matteo Berrettini","Marton Fucsovics",96,2,2,2,"BW","NCTL",9,10,33.95,43.684,1,0.839748075577327,0,0,1,5,4,"berrettini m.","fucsovics m.",1,1.8,1,1.8,1518.14848905823,1500,2027
"2024-wimbledon-1102","wimbledon",2024,"0:34:40",54,"Matteo Berrettini","Marton Fucsovics",103,2,2,2,"BC","NCTL",9,10,26.783,25.879,1,0.900979706088174,0,0,1,5,4,"berrettini m.","fucsovics m.",1,1.8,1,1.8,1518.14848905823,1500,2080
"2024-wimbledon-1102","wimbledon",2024,"0:35:35",55,"Matteo Berrettini","Marton Fucsovics",118,1,2,2,"W","NCTL",1,10,4.311,3.555,0,1.03219034289713,0,0,1,5,4,"berrettini m.","fucsovics m.",1,1.8,1,1.8,1518.14848905823,1500,2135
"2024-wimbledon-1102","wimbledon",2024,"0:35:57",56,"Matteo Berrettini","Marton Fucsovics",124,1,2,1,"C","NCTL",2,10,9.24,9.472,1,1.08467459762071,0,0,1,5,4,"berrettini m.","fucsovics m.",1,1.8,1,1.8,1518.14848905823,1500,2157
"2024-wimbledon-1102","wimbledon",2024,"0:36:29",57,"Matteo Berrettini","Marton Fucsovics",123,1,2,1,"C","NCTL",2,10,9.981,8.2,1,1.07592722183345,0,0,1,5,4,"berrettini m.","fucsovics m.",1,1.8,1,1.8,1518.14848905823,1500,2189
"2024-wimbledon-1102","wimbledon",2024,"0:37:05",58,"Matteo Berrettini","Marton Fucsovics",106,2,2,2,"BC","NCTL",5,10,16.377,13.097,1,0.927221833449965,0,0,1,5,4,"berrettini m.","fucsovics m.",1,1.8,1,1.8,1518.14848905823,1500,2225
"2024-wimbledon-1102","wimbledon",2024,"0:37:45",59,"Matteo Berrettini","Marton Fucsovics",95,2,2,2,"W","NCTL",1,10,5.169,6.096,1,0.831000699790063,0,0,1,5,5,"berrettini m.","fucsovics m.",1,1.8,1,1.8,1518.14848905823,1500,2265
"2024-wimbledon-1102","wimbledon",2024,"0:38:35",60,"Matteo Berrettini","Marton Fucsovics",111,1,1,1,"W","CTL",1,11,0.765,1.317,1,0.930709211598929,0,0,1,5,5,"berrettini m.","fucsovics m.",1,1.8,1,1.8,1518.14848905823,1500,2315
"2024-wimbledon-1102","wimbledon",2024,"0:38:57",61,"Matteo Berrettini","Marton Fucsovics",124,1,1,2,"W","CTL",4,11,15.317,20.799,0,1.03971119133574,0,0,1,5,5,"berrettini m.","fucsovics m.",1,1.8,1,1.8,1518.14848905823,1500,2337
"2024-wimbledon-1102","wimbledon",2024,"0:39:44",62,"Matteo Berrettini","Marton Fucsovics",115,1,1,1,"BW","NCTL",1,11,9.76,9.533,1,0.964248282287178,0,0,1,5,5,"berrettini m.","fucsovics m.",1,1.8,1,1.8,1518.14848905823,1500,2384
"2024-wimbledon-1102","wimbledon",2024,"0:40:10",63,"Matteo Berrettini","Marton Fucsovics",98,2,1,2,"W","NCTL",2,11,11.125,17.09,1,0.821707231862117,0,0,1,5,5,"berrettini m.","fucsovics m.",1,1.8,1,1.8,1518.14848905823,1500,2410
"2024-wimbledon-1102","wimbledon",2024,"0:40:50",64,"Matteo Berrettini","Marton Fucsovics",107,2,1,2,"BC","NCTL",2,11,7.004,10.998,1,0.897170140910679,0,0,1,5,5,"berrettini m.","fucsovics m.",1,1.8,1,1.8,1518.14848905823,1500,2450
"2024-wimbledon-1102","wimbledon",2024,"0:41:32",65,"Matteo Berrettini","Marton Fucsovics",130,1,1,1,"W","CTL",1,11,1.365,1.878,1,1.09001979736811,0,1,1,5,5,"berrettini m.","fucsovics m.",3,1.8,1,5.4,1518.14848905823,1500,2492
"2024-wimbledon-1102","wimbledon",2024,"0:41:57",66,"Matteo Berrettini","Marton Fucsovics",101,2,1,2,"B","CTL",14,11,45.727,48.89,1,0.846861534878304,0,0,1,5,5,"berrettini m.","fucsovics m.",1,1.8,1,1.8,1518.14848905823,1500,2517
"2024-wimbledon-1102","wimbledon",2024,"0:43:00",67,"Matteo Berrettini","Marton Fucsovics",134,1,1,1,"BW","NCTL",3,11,5.992,10.475,1,1.12355886805636,0,1,1,5,5,"berrettini m.","fucsovics m.",3,1.8,1,5.4,1518.14848905823,1500,2580
"2024-wimbledon-1102","wimbledon",2024,"0:43:32",68,"Matteo Berrettini","Marton Fucsovics",131,1,1,1,"C","NCTL",1,11,0.762,0.718,1,1.09840456504018,0,0,1,5,5,"berrettini m.","fucsovics m.",1,1.8,1,1.8,1518.14848905823,1500,2612
"2024-wimbledon-1102","wimbledon",2024,"0:43:56",69,"Matteo Berrettini","Marton Fucsovics",129,1,1,1,"C","NCTL",1,11,5.739,7.868,1,1.08163502969605,0,0,1,6,5,"berrettini m.","fucsovics m.",1,1.8,1,1.8,1518.14848905823,1500,2636
"2024-wimbledon-1102","wimbledon",2024,"0:45:34",70,"Matteo Berrettini","Marton Fucsovics",116,1,2,2,"C","NCTL",3,12,13.195,14.131,0,1.0146955913226,0,0,1,6,5,"berrettini m.","fucsovics m.",1,1.8,1,1.8,1518.14848905823,1500,2734
"2024-wimbledon-1102","wimbledon",2024,"0:46:05",71,"Matteo Berrettini","Marton Fucsovics",114,1,2,2,"B","NCTL",3,12,14.341,12.962,0,0.997200839748076,0,0,1,6,5,"berrettini m.","fucsovics m.",1,1.8,1,1.8,1518.14848905823,1500,2765
"2024-wimbledon-1102","wimbledon",2024,"0:46:38",72,"Matteo Berrettini","Marton Fucsovics",119,1,2,2,"C","NCTL",1,12,0.968,1.004,0,1.04093771868439,0,0,1,6,5,"berrettini m.","fucsovics m.",1,1.8,1,1.8,1518.14848905823,1500,2798
"2024-wimbledon-1102","wimbledon",2024,"0:46:59",73,"Matteo Berrettini","Marton Fucsovics",114,1,2,2,"C","NCTL",5,12,19.209,20.693,0,0.997200839748076,0,0,1,6,6,"berrettini m.","fucsovics m.",1,1.8,1,1.8,1518.14848905823,1500,2819
"2024-wimbledon-1102","wimbledon",2024,"0:47:41",74,"Matteo Berrettini","Marton Fucsovics",133,1,1,2,"C","NCTL",4,13,16.47,14.269,0,1.1151741003843,0,0,1,6,6,"berrettini m.","fucsovics m.",1,1.8,1,1.8,1518.14848905823,1500,2861
"2024-wimbledon-1102","wimbledon",2024,"0:48:21",75,"Matteo Berrettini","Marton Fucsovics",117,1,2,1,"BW","CTL",2,13,8.197,5.427,1,1.02344296710987,0,0,1,6,6,"berrettini m.","fucsovics m.",1,1.8,1,1.8,1518.14848905823,1500,2901
"2024-wimbledon-1102","wimbledon",2024,"0:48:51",76,"Matteo Berrettini","Marton Fucsovics",108,1,2,2,"W","CTL",3,13,15.31,9.291,0,0.944716585024493,0,0,1,6,6,"berrettini m.","fucsovics m.",1,1.8,1,1.8,1518.14848905823,1500,2931
"2024-wimbledon-1102","wimbledon",2024,"0:49:27",77,"Matteo Berrettini","Marton Fucsovics",132,1,1,1,"C","NCTL",1,13,7.05,7.562,1,1.10678933271224,0,0,1,6,6,"berrettini m.","fucsovics m.",1,1.8,1,1.8,1518.14848905823,1500,2967
"2024-wimbledon-1102","wimbledon",2024,"0:49:53",78,"Matteo Berrettini","Marton Fucsovics",116,1,1,1,"W","CTL",1,13,0.753,1.645,1,0.972633049959241,0,0,1,6,6,"berrettini m.","fucsovics m.",1,1.8,1,1.8,1518.14848905823,1500,2993
"2024-wimbledon-1102","wimbledon",2024,"0:50:39",79,"Matteo Berrettini","Marton Fucsovics",89,2,2,2,"W","CTL",7,13,27.068,25.115,1,0.77851644506648,0,0,1,6,6,"berrettini m.","fucsovics m.",1,1.8,1,1.8,1518.14848905823,1500,3039
"2024-wimbledon-1102","wimbledon",2024,"0:52:08",80,"Matteo Berrettini","Marton Fucsovics",106,1,2,1,"W","NCTL",2,13,13.184,9.416,1,0.927221833449965,0,0,1,6,6,"berrettini m.","fucsovics m.",1,1.8,1,1.8,1518.14848905823,1500,3128
"2024-wimbledon-1102","wimbledon",2024,"0:52:43",81,"Matteo Berrettini","Marton Fucsovics",100,2,1,1,"BW","CTL",3,13,9.094,14.448,0,0.838476767206242,0,0,1,6,6,"berrettini m.","fucsovics m.",1,1.8,1,1.8,1518.14848905823,1500,3163
"2024-wimbledon-1102","wimbledon",2024,"0:53:25",82,"Matteo Berrettini","Marton Fucsovics",100,2,1,1,"BC","NCTL",1,13,4.765,4.106,0,0.838476767206242,0,0,1,6,6,"berrettini m.","fucsovics m.",1,1.8,1,1.8,1518.14848905823,1500,3205
"2024-wimbledon-1102","wimbledon",2024,"0:54:20",83,"Matteo Berrettini","Marton Fucsovics",118,1,2,1,"C","NCTL",6,13,24.009,21.995,1,1.03219034289713,0,0,1,7,6,"berrettini m.","fucsovics m.",1,1.8,1,1.8,1518.14848905823,1500,3260
"2024-wimbledon-1102","wimbledon",2024,"0:57:14",84,"Matteo Berrettini","Marton Fucsovics",63,1,2,1,"C","CTL",14,1,52.332,55.348,1,0.551084674597621,0,0,2,0,0,"berrettini m.","fucsovics m.",1,1,1.4,1.4,1518.14848905823,1500,3434
"2024-wimbledon-1102","wimbledon",2024,"0:58:09",85,"Matteo Berrettini","Marton Fucsovics",99,2,2,1,"BW","CTL",2,1,9.842,10.644,0,0.865990202939118,0,0,2,0,0,"berrettini m.","fucsovics m.",1,1,1.4,1.4,1518.14848905823,1500,3489
"2024-wimbledon-1102","wimbledon",2024,"0:58:46",86,"Matteo Berrettini","Marton Fucsovics",103,2,2,1,"BC","NCTL",6,1,25.98,20.393,0,0.900979706088174,0,0,2,0,0,"berrettini m.","fucsovics m.",1,1,1.4,1.4,1518.14848905823,1500,3526
"2024-wimbledon-1102","wimbledon",2024,"0:59:40",87,"Matteo Berrettini","Marton Fucsovics",113,1,2,2,"C","NCTL",5,1,16.69,17.362,0,0.988453463960812,1,0,2,0,0,"berrettini m.","fucsovics m.",3,1,1.4,4.2,1518.14848905823,1500,3580
"2024-wimbledon-1102","wimbledon",2024,"1:00:15",88,"Matteo Berrettini","Marton Fucsovics",101,2,2,2,"BC","NCTL",3,1,11.704,9.026,1,0.883484954513646,1,0,2,0,0,"berrettini m.","fucsovics m.",3,1,1.4,4.2,1518.14848905823,1500,3615
"2024-wimbledon-1102","wimbledon",2024,"1:00:54",89,"Matteo Berrettini","Marton Fucsovics",95,2,2,2,"W","CTL",5,1,20.12,20.358,1,0.831000699790063,1,0,2,0,0,"berrettini m.","fucsovics m.",3,1,1.4,4.2,1518.14848905823,1500,3654
"2024-wimbledon-1102","wimbledon",2024,"1:01:41",90,"Matteo Berrettini","Marton Fucsovics",112,1,2,2,"W","CTL",3,1,12.243,7.464,0,0.979706088173548,0,0,2,0,0,"berrettini m.","fucsovics m.",1,1,1.4,1.4,1518.14848905823,1500,3701
"2024-wimbledon-1102","wimbledon",2024,"1:02:06",91,"Matteo Berrettini","Marton Fucsovics",87,2,2,2,"W","CTL",3,1,20.172,17.701,1,0.761021693491952,0,0,2,0,1,"berrettini m.","fucsovics m.",1,1,1.4,1.4,1518.14848905823,1500,3726
"2024-wimbledon-1102","wimbledon",2024,"1:03:24",92,"Matteo Berrettini","Marton Fucsovics",105,1,1,1,"BW","NCTL",1,2,18.086,22.983,1,0.880400605566554,0,0,2,0,1,"berrettini m.","fucsovics m.",1,1,1.4,1.4,1518.14848905823,1500,3804
"2024-wimbledon-1102","wimbledon",2024,"1:04:37",94,"Matteo Berrettini","Marton Fucsovics",117,1,1,1,"W","CTL",9,2,35.027,47.895,1,0.981017817631303,0,0,2,0,1,"berrettini m.","fucsovics m.",1,1,1.4,1.4,1518.14848905823,1500,3877
"2024-wimbledon-1102","wimbledon",2024,"1:05:16",95,"Matteo Berrettini","Marton Fucsovics",124,1,1,1,"C","NCTL",7,2,43.589,31.815,1,1.03971119133574,0,0,2,1,1,"berrettini m.","fucsovics m.",1,1,1.4,1.4,1518.14848905823,1500,3916
"2024-wimbledon-1102","wimbledon",2024,"1:06:14",96,"Matteo Berrettini","Marton Fucsovics",104,2,2,2,"BC","NCTL",9,3,25.549,29.077,1,0.909727081875437,0,0,2,1,1,"berrettini m.","fucsovics m.",1,1,1.4,1.4,1518.14848905823,1500,3974
"2024-wimbledon-1102","wimbledon",2024,"1:07:05",97,"Matteo Berrettini","Marton Fucsovics",112,1,2,2,"W","CTL",1,3,0.848,1.107,0,0.979706088173548,0,0,2,1,1,"berrettini m.","fucsovics m.",1,1,1.4,1.4,1518.14848905823,1500,4025
"2024-wimbledon-1102","wimbledon",2024,"1:07:24",98,"Matteo Berrettini","Marton Fucsovics",110,1,2,1,"W","CTL",6,3,25.124,16.739,1,0.96221133659902,0,0,2,1,1,"berrettini m.","fucsovics m.",1,1,1.4,1.4,1518.14848905823,1500,4044
"2024-wimbledon-1102","wimbledon",2024,"1:08:40",100,"Matteo Berrettini","Marton Fucsovics",101,1,2,2,"W","CTL",1,3,4.737,5.195,0,0.883484954513646,0,0,2,1,1,"berrettini m.","fucsovics m.",1,1,1.4,1.4,1518.14848905823,1500,4120
"2024-wimbledon-1102","wimbledon",2024,"1:08:59",101,"Matteo Berrettini","Marton Fucsovics",106,2,2,1,"BW","NCTL",2,3,8.338,6.861,0,0.927221833449965,0,0,2,1,1,"berrettini m.","fucsovics m.",1,1,1.4,1.4,1518.14848905823,1500,4139
"2024-wimbledon-1102","wimbledon",2024,"1:10:21",102,"Matteo Berrettini","Marton Fucsovics",102,1,2,1,"BW","NCTL",12,3,48.135,47.544,1,0.89223233030091,0,0,2,1,1,"berrettini m.","fucsovics m.",1,1,1.4,1.4,1518.14848905823,1500,4221
"2024-wimbledon-1102","wimbledon",2024,"1:11:13",103,"Matteo Berrettini","Marton Fucsovics",114,1,2,1,"W","CTL",4,3,18.336,13.684,1,0.997200839748076,1,0,2,2,1,"berrettini m.","fucsovics m.",3,1,1.4,4.2,1518.14848905823,1500,4273
"2024-wimbledon-1102","wimbledon",2024,"1:13:11",104,"Matteo Berrettini","Marton Fucsovics",108,2,1,1,"BC","NCTL",3,4,32.93,19.588,0,0.905554908582741,0,0,2,2,1,"berrettini m.","fucsovics m.",1,1,1.4,1.4,1518.14848905823,1500,4391
"2024-wimbledon-1102","wimbledon",2024,"1:13:50",105,"Matteo Berrettini","Marton Fucsovics",120,1,1,1,"C","NCTL",3,4,17.433,10.127,1,1.00617212064749,0,0,2,2,1,"berrettini m.","fucsovics m.",1,1,1.4,1.4,1518.14848905823,1500,4430
"2024-wimbledon-1102","wimbledon",2024,"1:14:12",106,"Matteo Berrettini","Marton Fucsovics",130,1,1,1,"C","NCTL",1,4,5.034,5.837,1,1.09001979736811,0,0,2,2,1,"berrettini m.","fucsovics m.",1,1,1.4,1.4,1518.14848905823,1500,4452
"2024-wimbledon-1102","wimbledon",2024,"1:14:29",107,"Matteo Berrettini","Marton Fucsovics",125,1,1,1,"W","CTL",1,4,13.658,9.862,1,1.0480959590078,0,0,2,3,1,"berrettini m.","fucsovics m.",1,1,1.4,1.4,1518.14848905823,1500,4469
"2024-wimbledon-1102","wimbledon",2024,"1:15:07",108,"Matteo Berrettini","Marton Fucsovics",120,1,2,1,"C","NCTL",2,5,9.06,6.542,1,1.04968509447166,0,0,2,3,1,"berrettini m.","fucsovics m.",1,1,1.4,1.4,1518.14848905823,1500,4507
"2024-wimbledon-1102","wimbledon",2024,"1:15:32",109,"Matteo Berrettini","Marton Fucsovics",111,1,2,2,"W","CTL",5,5,23.364,18.124,0,0.970958712386284,0,0,2,3,1,"berrettini m.","fucsovics m.",1,1,1.4,1.4,1518.14848905823,1500,4532
"2024-wimbledon-1102","wimbledon",2024,"1:16:21",110,"Matteo Berrettini","Marton Fucsovics",105,2,2,1,"B","NCTL",6,5,27.455,25.24,0,0.918474457662701,0,0,2,3,1,"berrettini m.","fucsovics m.",1,1,1.4,1.4,1518.14848905823,1500,4581
"2024-wimbledon-1102","wimbledon",2024,"1:17:13",111,"Matteo Berrettini","Marton Fucsovics",115,1,2,2,"W","NCTL",1,5,4.599,3.413,0,1.00594821553534,0,0,2,3,1,"berrettini m.","fucsovics m.",1,1,1.4,1.4,1518.14848905823,1500,4633
"2024-wimbledon-1102","wimbledon",2024,"1:17:56",112,"Matteo Berrettini","Marton Fucsovics",100,1,2,2,"W","CTL",5,5,20.918,20.047,0,0.874737578726382,0,0,2,3,1,"berrettini m.","fucsovics m.",1,1,1.4,1.4,1518.14848905823,1500,4676
"2024-wimbledon-1102","wimbledon",2024,"1:18:31",113,"Matteo Berrettini","Marton Fucsovics",123,1,2,1,"C","NCTL",8,5,27.951,21.387,1,1.07592722183345,0,0,2,3,1,"berrettini m.","fucsovics m.",1,1,1.4,1.4,1518.14848905823,1500,4711
"2024-wimbledon-1102","wimbledon",2024,"1:19:13",114,"Matteo Berrettini","Marton Fucsovics",102,2,2,2,"W","CTL",1,5,1.174,0.902,1,0.89223233030091,0,0,2,3,1,"berrettini m.","fucsovics m.",1,1,1.4,1.4,1518.14848905823,1500,4753
"2024-wimbledon-1102","wimbledon",2024,"1:19:44",115,"Matteo Berrettini","Marton Fucsovics",119,1,2,2,"C","NCTL",3,5,9.801,9.079,0,1.04093771868439,0,0,2,3,2,"berrettini m.","fucsovics m.",1,1,1.4,1.4,1518.14848905823,1500,4784
"2024-wimbledon-1102","wimbledon",2024,"1:21:27",116,"Matteo Berrettini","Marton Fucsovics",109,1,1,2,"BW","NCTL",6,6,25.229,24.225,0,0.913939676254804,0,0,2,3,2,"berrettini m.","fucsovics m.",1,1,1.4,1.4,1518.14848905823,1500,4887
"2024-wimbledon-1102","wimbledon",2024,"1:21:58",117,"Matteo Berrettini","Marton Fucsovics",119,1,1,1,"W","CTL",1,6,6.163,6.345,1,0.997787352975428,0,0,2,3,2,"berrettini m.","fucsovics m.",1,1,1.4,1.4,1518.14848905823,1500,4918
"2024-wimbledon-1102","wimbledon",2024,"1:22:22",118,"Matteo Berrettini","Marton Fucsovics",112,1,1,1,"W","CTL",3,6,11.67,12.621,1,0.939093979270991,0,0,2,3,2,"berrettini m.","fucsovics m.",1,1,1.4,1.4,1518.14848905823,1500,4942
"2024-wimbledon-1102","wimbledon",2024,"1:22:47",119,"Matteo Berrettini","Marton Fucsovics",123,1,1,1,"C","NCTL",1,6,4.407,6.135,1,1.03132642366368,0,0,2,3,2,"berrettini m.","fucsovics m.",1,1,1.4,1.4,1518.14848905823,1500,4967
"2024-wimbledon-1102","wimbledon",2024,"1:23:07",120,"Matteo Berrettini","Marton Fucsovics",111,2,1,1,"C","NCTL",5,6,18.303,17.67,0,0.930709211598929,0,0,2,4,2,"berrettini m.","fucsovics m.",1,1,1.4,1.4,1518.14848905823,1500,4987
"2024-wimbledon-1102","wimbledon",2024,"1:24:04",121,"Matteo Berrettini","Marton Fucsovics",102,2,2,1,"BC","NCTL",6,7,24.131,18.668,0,0.89223233030091,0,0,2,4,2,"berrettini m.","fucsovics m.",1,1,1.4,1.4,1518.14848905823,1500,5044
"2024-wimbledon-1102","wimbledon",2024,"1:24:49",122,"Matteo Berrettini","Marton Fucsovics",120,1,2,2,"C","CTL",1,7,1.091,1.286,0,1.04968509447166,0,0,2,4,2,"berrettini m.","fucsovics m.",1,1,1.4,1.4,1518.14848905823,1500,5089
"2024-wimbledon-1102","wimbledon",2024,"1:25:22",123,"Matteo Berrettini","Marton Fucsovics",102,2,2,2,"BW","NCTL",3,7,17.732,13.963,1,0.89223233030091,0,0,2,4,2,"berrettini m.","fucsovics m.",1,1,1.4,1.4,1518.14848905823,1500,5122
"2024-wimbledon-1102","wimbledon",2024,"1:26:05",124,"Matteo Berrettini","Marton Fucsovics",116,1,2,1,"BW","CTL",6,7,27.71,26.3,1,1.0146955913226,0,0,2,4,2,"berrettini m.","fucsovics m.",1,1,1.4,1.4,1518.14848905823,1500,5165
"2024-wimbledon-1102","wimbledon",2024,"1:26:44",125,"Matteo Berrettini","Marton Fucsovics",116,1,2,1,"C","NCTL",2,7,9.4,8.004,1,1.0146955913226,0,0,2,4,2,"berrettini m.","fucsovics m.",1,1,1.4,1.4,1518.14848905823,1500,5204
"2024-wimbledon-1102","wimbledon",2024,"1:27:14",126,"Matteo Berrettini","Marton Fucsovics",113,1,2,1,"BW","CTL",4,7,8.96,10.848,1,0.988453463960812,1,0,2,5,2,"berrettini m.","fucsovics m.",3,1.8,1.4,7.56,1518.14848905823,1500,5234
"2024-wimbledon-1102","wimbledon",2024,"1:28:57",127,"Matteo Berrettini","Marton Fucsovics",132,1,1,1,"C","NCTL",5,8,19.833,18.673,1,1.10678933271224,0,0,2,5,2,"berrettini m.","fucsovics m.",1,1.8,1.4,2.52,1518.14848905823,1500,5337
"2024-wimbledon-1102","wimbledon",2024,"1:29:27",128,"Matteo Berrettini","Marton Fucsovics",124,1,1,1,"C","NCTL",3,8,14.781,24.815,1,1.03971119133574,0,0,2,5,2,"berrettini m.","fucsovics m.",1,1.8,1.4,2.52,1518.14848905823,1500,5367
"2024-wimbledon-1102","wimbledon",2024,"1:29:57",129,"Matteo Berrettini","Marton Fucsovics",123,1,1,1,"C","CTL",1,8,1.515,1.996,1,1.03132642366368,0,0,2,5,2,"berrettini m.","fucsovics m.",1,1.8,1.4,2.52,1518.14848905823,1500,5397
"2024-wimbledon-1102","wimbledon",2024,"1:30:18",130,"Matteo Berrettini","Marton Fucsovics",117,1,1,1,"BW","NCTL",1,8,3.509,5.036,1,0.981017817631303,0,0,2,6,2,"berrettini m.","fucsovics m.",1,1.8,1.4,2.52,1518.14848905823,1500,5418
"2024-wimbledon-1102","wimbledon",2024,"1:32:29",131,"Matteo Berrettini","Marton Fucsovics",115,1,2,2,"C","NCTL",5,1,16.856,18.546,0,1.00594821553534,0,0,3,0,0,"berrettini m.","fucsovics m.",1,1,1.8,1.8,1518.14848905823,1500,5549
"2024-wimbledon-1102","wimbledon",2024,"1:33:01",132,"Matteo Berrettini","Marton Fucsovics",111,1,2,2,"C","NCTL",3,1,18.824,14.323,0,0.970958712386284,0,0,3,0,0,"berrettini m.","fucsovics m.",1,1,1.8,1.8,1518.14848905823,1500,5581
"2024-wimbledon-1102","wimbledon",2024,"1:33:32",133,"Matteo Berrettini","Marton Fucsovics",106,1,2,2,"W","CTL",3,1,19.616,10.153,0,0.927221833449965,0,0,3,0,0,"berrettini m.","fucsovics m.",1,1,1.8,1.8,1518.14848905823,1500,5612
"2024-wimbledon-1102","wimbledon",2024,"1:33:58",134,"Matteo Berrettini","Marton Fucsovics",115,1,2,1,"W","CTL",4,1,16.026,14.127,1,1.00594821553534,0,0,3,0,0,"berrettini m.","fucsovics m.",1,1,1.8,1.8,1518.14848905823,1500,5638
"2024-wimbledon-1102","wimbledon",2024,"1:34:29",135,"Matteo Berrettini","Marton Fucsovics",95,2,2,2,"W","CTL",1,1,0.986,1.038,1,0.831000699790063,0,0,3,0,1,"berrettini m.","fucsovics m.",1,1,1.8,1.8,1518.14848905823,1500,5669
"2024-wimbledon-1102","wimbledon",2024,"1:35:59",136,"Matteo Berrettini","Marton Fucsovics",98,2,1,1,"C","CTL",1,2,4.881,5.397,0,0.821707231862117,0,0,3,0,1,"berrettini m.","fucsovics m.",1,1,1.8,1.8,1518.14848905823,1500,5759
"2024-wimbledon-1102","wimbledon",2024,"1:36:31",137,"Matteo Berrettini","Marton Fucsovics",117,1,1,1,"W","NCTL",5,2,18.551,26.47,1,0.981017817631303,0,0,3,0,1,"berrettini m.","fucsovics m.",1,1,1.8,1.8,1518.14848905823,1500,5791
"2024-wimbledon-1102","wimbledon",2024,"1:37:01",138,"Matteo Berrettini","Marton Fucsovics",115,1,1,1,"W","NCTL",1,2,5.944,7.43,1,0.964248282287178,0,0,3,0,1,"berrettini m.","fucsovics m.",1,1,1.8,1.8,1518.14848905823,1500,5821
"2024-wimbledon-1102","wimbledon",2024,"1:37:21",139,"Matteo Berrettini","Marton Fucsovics",118,1,1,2,"C","NCTL",2,2,9.2,13.695,0,0.989402585303366,0,0,3,0,1,"berrettini m.","fucsovics m.",1,1,1.8,1.8,1518.14848905823,1500,5841
"2024-wimbledon-1102","wimbledon",2024,"1:37:46",140,"Matteo Berrettini","Marton Fucsovics",106,2,1,1,"B","NCTL",1,2,4.736,5.877,0,0.888785373238617,0,0,3,1,1,"berrettini m.","fucsovics m.",1,1,1.8,1.8,1518.14848905823,1500,5866
"2024-wimbledon-1102","wimbledon",2024,"1:38:43",141,"Matteo Berrettini","Marton Fucsovics",115,1,2,1,"BC","NCTL",2,3,6.85,6.413,1,1.00594821553534,0,0,3,1,1,"berrettini m.","fucsovics m.",1,1,1.8,1.8,1518.14848905823,1500,5923
"2024-wimbledon-1102","wimbledon",2024,"1:39:13",142,"Matteo Berrettini","Marton Fucsovics",116,1,2,2,"W","CTL",1,3,6.443,5.362,0,1.0146955913226,0,0,3,1,1,"berrettini m.","fucsovics m.",1,1,1.8,1.8,1518.14848905823,1500,5953
"2024-wimbledon-1102","wimbledon",2024,"1:39:37",143,"Matteo Berrettini","Marton Fucsovics",99,2,2,1,"BC","NCTL",4,3,16.648,15.317,0,0.865990202939118,0,0,3,1,1,"berrettini m.","fucsovics m.",1,1,1.8,1.8,1518.14848905823,1500,5977
"2024-wimbledon-1102","wimbledon",2024,"1:40:20",144,"Matteo Berrettini","Marton Fucsovics",116,1,2,2,"BW","NCTL",9,3,33.504,34.014,0,1.0146955913226,0,0,3,1,1,"berrettini m.","fucsovics m.",1,1,1.8,1.8,1518.14848905823,1500,6020
"2024-wimbledon-1102","wimbledon",2024,"1:41:05",145,"Matteo Berrettini","Marton Fucsovics",104,2,2,2,"W","CTL",1,3,1.873,1.555,1,0.909727081875437,0,0,3,1,1,"berrettini m.","fucsovics m.",1,1,1.8,1.8,1518.14848905823,1500,6065
"2024-wimbledon-1102","wimbledon",2024,"1:41:42",146,"Matteo Berrettini","Marton Fucsovics",118,1,2,2,"BC","NCTL",1,3,5.324,8.705,0,1.03219034289713,0,0,3,1,2,"berrettini m.","fucsovics m.",1,1,1.8,1.8,1518.14848905823,1500,6102
"2024-wimbledon-1102","wimbledon",2024,"1:43:34",147,"Matteo Berrettini","Marton Fucsovics",122,1,1,2,"C","NCTL",6,4,25.766,33.141,0,1.02294165599162,0,0,3,1,2,"berrettini m.","fucsovics m.",1,1,1.8,1.8,1518.14848905823,1500,6214
"2024-wimbledon-1102","wimbledon",2024,"1:44:08",148,"Matteo Berrettini","Marton Fucsovics",101,2,1,2,"BW","NCTL",4,4,9.941,28.058,1,0.846861534878304,0,0,3,1,2,"berrettini m.","fucsovics m.",1,1,1.8,1.8,1518.14848905823,1500,6248
"2024-wimbledon-1102","wimbledon",2024,"1:44:50",149,"Matteo Berrettini","Marton Fucsovics",99,2,1,1,"B","NCTL",7,4,26,30.533,0,0.83009199953418,0,0,3,1,2,"berrettini m.","fucsovics m.",1,1,1.8,1.8,1518.14848905823,1500,6290
"2024-wimbledon-1102","wimbledon",2024,"1:45:37",150,"Matteo Berrettini","Marton Fucsovics",102,2,1,2,"BC","NCTL",14,4,80.27,50.955,1,0.855246302550367,0,0,3,1,2,"berrettini m.","fucsovics m.",1,1,1.8,1.8,1518.14848905823,1500,6337
"2024-wimbledon-1102","wimbledon",2024,"1:46:44",151,"Matteo Berrettini","Marton Fucsovics",112,2,1,2,"BC","NCTL",4,4,10,13.3,1,0.939093979270991,0,1,3,1,3,"berrettini m.","fucsovics m.",3,1,1.8,5.4,1518.14848905823,1500,6404
"2024-wimbledon-1102","wimbledon",2024,"1:48:02",152,"Matteo Berrettini","Marton Fucsovics",104,2,2,1,"BC","NCTL",4,5,17.416,14.745,0,0.909727081875437,0,0,3,1,3,"berrettini m.","fucsovics m.",1,1,1.8,1.8,1518.14848905823,1500,6482
"2024-wimbledon-1102","wimbledon",2024,"1:48:47",153,"Matteo Berrettini","Marton Fucsovics",122,1,2,2,"C","CTL",1,5,5.538,4.186,0,1.06717984604619,0,0,3,1,3,"berrettini m.","fucsovics m.",1,1,1.8,1.8,1518.14848905823,1500,6527
"2024-wimbledon-1102","wimbledon",2024,"1:49:08",154,"Matteo Berrettini","Marton Fucsovics",111,1,2,2,"BW","NCTL",1,5,9.398,8.566,0,0.970958712386284,0,0,3,1,3,"berrettini m.","fucsovics m.",1,1,1.8,1.8,1518.14848905823,1500,6548
"2024-wimbledon-1102","wimbledon",2024,"1:49:36",155,"Matteo Berrettini","Marton Fucsovics",125,1,2,1,"BC","NCTL",2,5,8.341,6.578,1,1.09342197340798,0,0,3,1,3,"berrettini m.","fucsovics m.",1,1,1.8,1.8,1518.14848905823,1500,6576
"2024-wimbledon-1102","wimbledon",2024,"1:50:49",156,"Matteo Berrettini","Marton Fucsovics",105,2,2,2,"BW","NCTL",3,5,8.997,4.93,1,0.918474457662701,0,0,3,1,3,"berrettini m.","fucsovics m.",1,1,1.8,1.8,1518.14848905823,1500,6649
"2024-wimbledon-1102","wimbledon",2024,"1:51:29",157,"Matteo Berrettini","Marton Fucsovics",121,1,2,2,"W","CTL",1,5,1.133,1.099,0,1.05843247025892,0,0,3,1,4,"berrettini m.","fucsovics m.",1,1,1.8,1.8,1518.14848905823,1500,6689
"2024-wimbledon-1102","wimbledon",2024,"1:53:20",158,"Matteo Berrettini","Marton Fucsovics",116,1,1,2,"BW","NCTL",4,6,14.925,19.975,0,0.972633049959241,0,0,3,1,4,"berrettini m.","fucsovics m.",1,1,1.8,1.8,1518.14848905823,1500,6800
"2024-wimbledon-1102","wimbledon",2024,"1:53:49",159,"Matteo Berrettini","Marton Fucsovics",109,2,1,2,"C","NCTL",2,6,7.748,9.746,1,0.913939676254804,0,0,3,1,4,"berrettini m.","fucsovics m.",1,1,1.8,1.8,1518.14848905823,1500,6829
"2024-wimbledon-1102","wimbledon",2024,"1:54:27",160,"Matteo Berrettini","Marton Fucsovics",110,2,1,2,"C","CTL",8,6,34.221,38.409,1,0.922324443926866,0,0,3,1,4,"berrettini m.","fucsovics m.",1,1,1.8,1.8,1518.14848905823,1500,6867
"2024-wimbledon-1102","wimbledon",2024,"1:55:23",161,"Matteo Berrettini","Marton Fucsovics",117,1,1,1,"C","NCTL",1,6,5.673,7.972,1,0.981017817631303,0,1,3,1,4,"berrettini m.","fucsovics m.",3,1,1.8,5.4,1518.14848905823,1500,6923
"2024-wimbledon-1102","wimbledon",2024,"1:56:52",162,"Matteo Berrettini","Marton Fucsovics",105,2,1,1,"W","CTL",5,6,18.842,26.374,0,0.880400605566554,0,1,3,1,4,"berrettini m.","fucsovics m.",3,1,1.8,5.4,1518.14848905823,1500,7012
"2024-wimbledon-1102","wimbledon",2024,"1:57:38",163,"Matteo Berrettini","Marton Fucsovics",102,2,1,1,"B","NCTL",1,6,5.33,5.084,0,0.855246302550367,0,1,3,1,4,"berrettini m.","fucsovics m.",3,1,1.8,5.4,1518.14848905823,1500,7058
"2024-wimbledon-1102","wimbledon",2024,"1:58:15",164,"Matteo Berrettini","Marton Fucsovics",115,1,1,1,"BW","NCTL",1,6,5.815,7.376,1,0.964248282287178,0,0,3,1,4,"berrettini m.","fucsovics m.",1,1,1.8,1.8,1518.14848905823,1500,7095
"2024-wimbledon-1102","wimbledon",2024,"1:58:36",165,"Matteo Berrettini","Marton Fucsovics",120,1,1,1,"C","CTL",5,6,18.496,19.591,1,1.00617212064749,0,0,3,2,4,"berrettini m.","fucsovics m.",1,1,1.8,1.8,1518.14848905823,1500,7116
"2024-wimbledon-1102","wimbledon",2024,"1:59:23",166,"Matteo Berrettini","Marton Fucsovics",100,2,2,2,"BC","NCTL",1,7,3.016,4.261,1,0.874737578726382,0,0,3,2,4,"berrettini m.","fucsovics m.",1,1,1.8,1.8,1518.14848905823,1500,7163
"2024-wimbledon-1102","wimbledon",2024,"1:59:58",167,"Matteo Berrettini","Marton Fucsovics",108,2,2,2,"C","CTL",3,7,14.701,13.909,1,0.944716585024493,0,0,3,2,4,"berrettini m.","fucsovics m.",1,1,1.8,1.8,1518.14848905823,1500,7198
"2024-wimbledon-1102","wimbledon",2024,"2:00:35",168,"Matteo Berrettini","Marton Fucsovics",121,1,2,2,"C","NCTL",1,7,4.188,3.667,0,1.05843247025892,0,0,3,2,4,"berrettini m.","fucsovics m.",1,1,1.8,1.8,1518.14848905823,1500,7235
"2024-wimbledon-1102","wimbledon",2024,"2:00:54",169,"Matteo Berrettini","Marton Fucsovics",119,1,2,1,"BW","NCTL",2,7,9.883,9.353,1,1.04093771868439,0,0,3,2,4,"berrettini m.","fucsovics m.",1,1,1.8,1.8,1518.14848905823,1500,7254
"2024-wimbledon-1102","wimbledon",2024,"2:01:41",170,"Matteo Berrettini","Marton Fucsovics",111,1,2,2,"W","CTL",3,7,11.982,7.754,0,0.970958712386284,0,0,3,2,5,"berrettini m.","fucsovics m.",1,1.8,1.8,3.24,1518.14848905823,1500,7301
"2024-wimbledon-1102","wimbledon",2024,"2:03:29",171,"Matteo Berrettini","Marton Fucsovics",108,2,1,2,"C","NCTL",6,8,24.42,30.624,1,0.905554908582741,0,0,3,2,5,"berrettini m.","fucsovics m.",1,1.8,1.8,3.24,1518.14848905823,1500,7409
"2024-wimbledon-1102","wimbledon",2024,"2:04:16",172,"Matteo Berrettini","Marton Fucsovics",104,2,1,2,"BW","NCTL",2,8,3.804,5.857,1,0.872015837894492,0,0,3,2,5,"berrettini m.","fucsovics m.",1,1.8,1.8,3.24,1518.14848905823,1500,7456
"2024-wimbledon-1102","wimbledon",2024,"2:05:08",173,"Matteo Berrettini","Marton Fucsovics",119,1,1,1,"C","NCTL",3,8,14.569,14.737,1,0.997787352975428,0,0,3,2,5,"berrettini m.","fucsovics m.",1,1.8,1.8,3.24,1518.14848905823,1500,7508
"2024-wimbledon-1102","wimbledon",2024,"2:05:34",174,"Matteo Berrettini","Marton Fucsovics",108,2,1,1,"C","NCTL",15,8,54.865,55.537,0,0.905554908582741,0,0,3,2,5,"berrettini m.","fucsovics m.",1,1.8,1.8,3.24,1518.14848905823,1500,7534
"2024-wimbledon-1102","wimbledon",2024,"2:06:34",175,"Matteo Berrettini","Marton Fucsovics",111,1,1,1,"BW","NCTL",1,8,4.325,5.007,1,0.930709211598929,0,0,3,2,5,"berrettini m.","fucsovics m.",1,1.8,1.8,3.24,1518.14848905823,1500,7594
"2024-wimbledon-1102","wimbledon",2024,"2:06:56",176,"Matteo Berrettini","Marton Fucsovics",102,2,1,1,"BW","CTL",1,8,5.068,9.589,0,0.855246302550367,0,0,3,3,5,"berrettini m.","fucsovics m.",1,1.8,1.8,3.24,1518.14848905823,1500,7616
"2024-wimbledon-1102","wimbledon",2024,"2:07:53",177,"Matteo Berrettini","Marton Fucsovics",110,1,2,2,"W","CTL",3,9,23.131,15.748,0,0.96221133659902,0,0,3,3,5,"berrettini m.","fucsovics m.",1,1.8,1.8,3.24,1518.14848905823,1500,7673
"2024-wimbledon-1102","wimbledon",2024,"2:08:22",178,"Matteo Berrettini","Marton Fucsovics",96,2,2,1,"BW","CTL",6,9,19.633,23.982,0,0.839748075577327,0,0,3,3,5,"berrettini m.","fucsovics m.",1,1.8,1.8,3.24,1518.14848905823,1500,7702
"2024-wimbledon-1102","wimbledon",2024,"2:09:14",179,"Matteo Berrettini","Marton Fucsovics",106,1,2,2,"W","CTL",1,9,0.912,0.792,0,0.927221833449965,0,0,3,3,5,"berrettini m.","fucsovics m.",1,1.8,1.8,3.24,1518.14848905823,1500,7754
"2024-wimbledon-1102","wimbledon",2024,"2:09:41",180,"Matteo Berrettini","Marton Fucsovics",122,1,2,2,"C","CTL",1,9,3.618,3.976,0,1.06717984604619,0,0,3,3,5,"berrettini m.","fucsovics m.",1,1.8,1.8,3.24,1518.14848905823,1500,7781
"2024-wimbledon-1102","wimbledon",2024,"2:10:01",181,"Matteo Berrettini","Marton Fucsovics",122,1,2,2,"C","NCTL",1,9,1.07,0.957,0,1.06717984604619,0,0,3,3,6,"berrettini m.","fucsovics m.",1,1.8,1.8,3.24,1518.14848905823,1500,7801
"2024-wimbledon-1102","wimbledon",2024,"2:22:09",182,"Matteo Berrettini","Marton Fucsovics",108,1,1,2,"BW","NCTL",2,1,9.489,14.668,0,0.905554908582741,0,0,4,0,0,"berrettini m.","fucsovics m.",1,1,2.2,2.2,1518.14848905823,1500,8529
"2024-wimbledon-1102","wimbledon",2024,"2:22:31",183,"Matteo Berrettini","Marton Fucsovics",116,1,1,1,"W","CTL",7,1,23.036,33.437,1,0.972633049959241,0,0,4,0,0,"berrettini m.","fucsovics m.",1,1,2.2,2.2,1518.14848905823,1500,8551
"2024-wimbledon-1102","wimbledon",2024,"2:23:02",184,"Matteo Berrettini","Marton Fucsovics",108,1,1,1,"W","CTL",1,1,4.796,5.993,1,0.905554908582741,0,0,4,0,0,"berrettini m.","fucsovics m.",1,1,2.2,2.2,1518.14848905823,1500,8582
"2024-wimbledon-1102","wimbledon",2024,"2:23:22",185,"Matteo Berrettini","Marton Fucsovics",113,1,1,1,"C","NCTL",1,1,3.376,5.446,1,0.947478746943053,0,0,4,0,0,"berrettini m.","fucsovics m.",1,1,2.2,2.2,1518.14848905823,1500,8602
"2024-wimbledon-1102","wimbledon",2024,"2:23:42",186,"Matteo Berrettini","Marton Fucsovics",104,2,1,2,"C","NCTL",2,1,10.053,7.897,1,0.872015837894492,0,0,4,0,0,"berrettini m.","fucsovics m.",1,1,2.2,2.2,1518.14848905823,1500,8622
"2024-wimbledon-1102","wimbledon",2024,"2:24:19",187,"Matteo Berrettini","Marton Fucsovics",116,1,1,2,"W","CTL",2,1,11.088,16.462,0,0.972633049959241,0,0,4,0,0,"berrettini m.","fucsovics m.",1,1,2.2,2.2,1518.14848905823,1500,8659
"2024-wimbledon-1102","wimbledon",2024,"2:24:45",188,"Matteo Berrettini","Marton Fucsovics",98,2,1,2,"BC","NCTL",2,1,4.511,5.673,1,0.821707231862117,0,0,4,0,0,"berrettini m.","fucsovics m.",1,1,2.2,2.2,1518.14848905823,1500,8685
"2024-wimbledon-1102","wimbledon",2024,"2:25:27",189,"Matteo Berrettini","Marton Fucsovics",116,1,1,1,"C","CTL",1,1,0.699,0.97,1,0.972633049959241,0,1,4,0,0,"berrettini m.","fucsovics m.",3,1,2.2,6.6,1518.14848905823,1500,8727
"2024-wimbledon-1102","wimbledon",2024,"2:26:02",190,"Matteo Berrettini","Marton Fucsovics",101,2,1,1,"C","NCTL",7,1,21.98,35.484,0,0.846861534878304,0,0,4,0,0,"berrettini m.","fucsovics m.",1,1,2.2,2.2,1518.14848905823,1500,8762
"2024-wimbledon-1102","wimbledon",2024,"2:27:33",192,"Matteo Berrettini","Marton Fucsovics",115,1,1,1,"BW","NCTL",1,1,7.196,8.064,1,0.964248282287178,0,0,4,0,0,"berrettini m.","fucsovics m.",1,1,2.2,2.2,1518.14848905823,1500,8853
"2024-wimbledon-1102","wimbledon",2024,"2:27:55",193,"Matteo Berrettini","Marton Fucsovics",123,1,1,1,"C","NCTL",5,1,16.486,17.068,1,1.03132642366368,0,0,4,1,0,"berrettini m.","fucsovics m.",1,1,2.2,2.2,1518.14848905823,1500,8875
"2024-wimbledon-1102","wimbledon",2024,"2:29:08",194,"Matteo Berrettini","Marton Fucsovics",92,2,2,1,"C","NCTL",2,2,5.302,4.518,0,0.804758572428272,0,0,4,1,0,"berrettini m.","fucsovics m.",1,1,2.2,2.2,1518.14848905823,1500,8948
"2024-wimbledon-1102","wimbledon",2024,"2:29:47",195,"Matteo Berrettini","Marton Fucsovics",115,1,2,2,"BW","NCTL",3,2,16.293,10.6,0,1.00594821553534,0,0,4,1,0,"berrettini m.","fucsovics m.",1,1,2.2,2.2,1518.14848905823,1500,8987
"2024-wimbledon-1102","wimbledon",2024,"2:30:16",196,"Matteo Berrettini","Marton Fucsovics",122,1,2,1,"C","NCTL",4,2,20.102,17.174,1,1.06717984604619,0,0,4,1,0,"berrettini m.","fucsovics m.",1,1,2.2,2.2,1518.14848905823,1500,9016
"2024-wimbledon-1102","wimbledon",2024,"2:30:56",197,"Matteo Berrettini","Marton Fucsovics",117,1,2,2,"W","NCTL",5,2,19.539,17.834,0,1.02344296710987,0,0,4,1,0,"berrettini m.","fucsovics m.",1,1,2.2,2.2,1518.14848905823,1500,9056
"2024-wimbledon-1102","wimbledon",2024,"2:31:34",198,"Matteo Berrettini","Marton Fucsovics",121,1,2,2,"C","NCTL",1,2,4.486,3.004,0,1.05843247025892,0,0,4,1,0,"berrettini m.","fucsovics m.",1,1,2.2,2.2,1518.14848905823,1500,9094
"2024-wimbledon-1102","wimbledon",2024,"2:31:59",199,"Matteo Berrettini","Marton Fucsovics",90,2,2,2,"W","NCTL",3,2,10.849,9.838,1,0.787263820853744,0,0,4,1,1,"berrettini m.","fucsovics m.",1,1,2.2,2.2,1518.14848905823,1500,9119
"2024-wimbledon-1102","wimbledon",2024,"2:32:46",200,"Matteo Berrettini","Marton Fucsovics",109,1,1,1,"W","NCTL",5,3,16.057,19.942,1,0.913939676254804,0,0,4,1,1,"berrettini m.","fucsovics m.",1,1,2.2,2.2,1518.14848905823,1500,9166
"2024-wimbledon-1102","wimbledon",2024,"2:33:13",201,"Matteo Berrettini","Marton Fucsovics",118,1,1,1,"C","NCTL",3,3,15.533,18.47,1,0.989402585303366,0,0,4,1,1,"berrettini m.","fucsovics m.",1,1,2.2,2.2,1518.14848905823,1500,9193
"2024-wimbledon-1102","wimbledon",2024,"2:33:46",202,"Matteo Berrettini","Marton Fucsovics",107,2,1,2,"C","NCTL",2,3,7.75,11.276,1,0.897170140910679,0,0,4,1,1,"berrettini m.","fucsovics m.",1,1,2.2,2.2,1518.14848905823,1500,9226
"2024-wimbledon-1102","wimbledon",2024,"2:34:35",203,"Matteo Berrettini","Marton Fucsovics",120,1,1,1,"W","CTL",3,3,14.264,11.251,1,1.00617212064749,0,0,4,1,1,"berrettini m.","fucsovics m.",1,1,2.2,2.2,1518.14848905823,1500,9275
"2024-wimbledon-1102","wimbledon",2024,"2:35:11",204,"Matteo Berrettini","Marton Fucsovics",112,1,1,1,"BW","NCTL",3,3,15.433,18.33,1,0.939093979270991,0,0,4,2,1,"berrettini m.","fucsovics m.",1,1,2.2,2.2,1518.14848905823,1500,9311
"2024-wimbledon-1102","wimbledon",2024,"2:37:01",205,"Matteo Berrettini","Marton Fucsovics",108,1,2,1,"BW","NCTL",4,4,18.406,16.866,1,0.944716585024493,0,0,4,2,1,"berrettini m.","fucsovics m.",1,1,2.2,2.2,1518.14848905823,1500,9421
"2024-wimbledon-1102","wimbledon",2024,"2:37:38",206,"Matteo Berrettini","Marton Fucsovics",97,2,2,1,"BW","NCTL",6,4,22.694,20.928,0,0.848495451364591,0,0,4,2,1,"berrettini m.","fucsovics m.",1,1,2.2,2.2,1518.14848905823,1500,9458
"2024-wimbledon-1102","wimbledon",2024,"2:38:35",207,"Matteo Berrettini","Marton Fucsovics",110,1,2,1,"W","CTL",6,4,28.72,22.042,1,0.96221133659902,0,0,4,2,1,"berrettini m.","fucsovics m.",1,1,2.2,2.2,1518.14848905823,1500,9515
"2024-wimbledon-1102","wimbledon",2024,"2:39:40",208,"Matteo Berrettini","Marton Fucsovics",97,2,2,2,"B","NCTL",5,4,20.293,17.343,1,0.848495451364591,1,0,4,2,1,"berrettini m.","fucsovics m.",3,1,2.2,6.6,1518.14848905823,1500,9580
"2024-wimbledon-1102","wimbledon",2024,"2:40:22",209,"Matteo Berrettini","Marton Fucsovics",102,2,2,2,"BW","NCTL",5,4,18.183,16.601,1,0.89223233030091,1,0,4,2,1,"berrettini m.","fucsovics m.",3,1,2.2,6.6,1518.14848905823,1500,9622
"2024-wimbledon-1102","wimbledon",2024,"2:42:27",211,"Matteo Berrettini","Marton Fucsovics",110,1,1,1,"W","NCTL",3,5,7.789,13.031,1,0.922324443926866,0,0,4,3,1,"berrettini m.","fucsovics m.",1,1,2.2,2.2,1518.14848905823,1500,9747
"2024-wimbledon-1102","wimbledon",2024,"2:42:51",212,"Matteo Berrettini","Marton Fucsovics",105,2,1,1,"C","NCTL",3,5,10.308,11.866,0,0.880400605566554,0,0,4,3,1,"berrettini m.","fucsovics m.",1,1,2.2,2.2,1518.14848905823,1500,9771
"2024-wimbledon-1102","wimbledon",2024,"2:43:34",213,"Matteo Berrettini","Marton Fucsovics",110,1,1,1,"","",3,5,12.561,20.986,1,0.922324443926866,0,0,4,3,1,"berrettini m.","fucsovics m.",1,1,2.2,2.2,1518.14848905823,1500,9814
"2024-wimbledon-1102","wimbledon",2024,"2:44:00",214,"Matteo Berrettini","Marton Fucsovics",92,2,1,1,"C","NCTL",1,5,7.184,7.282,0,0.771398625829743,0,0,4,4,1,"berrettini m.","fucsovics m.",1,1,2.2,2.2,1518.14848905823,1500,9840
"2024-wimbledon-1102","wimbledon",2024,"2:45:55",215,"Matteo Berrettini","Marton Fucsovics",105,1,2,2,"BW","NCTL",5,6,22.976,15.228,0,0.918474457662701,0,0,4,4,1,"berrettini m.","fucsovics m.",1,1,2.2,2.2,1518.14848905823,1500,9955
