"match_id","slam","year","ElapsedTime","PointNumber","player1","player2","Speed_MPH","ServeNumber","PointServer","PointWinner","ServeWidth","ServeDepth","RallyCount","GameNo","P1DistanceRun","P2DistanceRun","serving_player_won","speed_ratio","player1_name","player2_name","player1_avg_welo","player2_avg_welo","ElapsedSeconds"
"2023-wimbledon-2101","wimbledon",2023,"0:00:32",2,"Iga Swiatek","Lin Zhu",81,2,1,1,"BW","NCTL",5,1,20.842,19.805,0,0.798979591836735,"swiatek i.","zhu l.",1585.50639341434,1500,32
"2023-wimbledon-2101","wimbledon",2023,"0:01:37",3,"Iga Swiatek","Lin Zhu",100,1,1,1,"W","NCTL",5,1,16.768,40.316,1,0.986394557823129,"swiatek i.","zhu l.",1585.50639341434,1500,97
"2023-wimbledon-2101","wimbledon",2023,"0:02:18",4,"Iga Swiatek","Lin Zhu",97,1,1,2,"C","NCTL",14,1,47.28,50.239,0,0.956802721088435,"swiatek i.","zhu l.",1585.50639341434,1500,138
"2023-wimbledon-2101","wimbledon",2023,"0:03:07",5,"Iga Swiatek","Lin Zhu",80,2,1,2,"BC","NCTL",4,1,10.767,10.784,1,0.789115646258503,"swiatek i.","zhu l.",1585.50639341434,1500,187
"2023-wimbledon-2101","wimbledon",2023,"0:04:06",6,"Iga Swiatek","Lin Zhu",113,1,1,1,"B","NCTL",3,1,11.632,9.092,1,1.11462585034014,"swiatek i.","zhu l.",1585.50639341434,1500,246
"2023-wimbledon-2101","wimbledon",2023,"0:04:34",7,"Iga Swiatek","Lin Zhu",109,1,1,1,"B","NCTL",1,1,5.792,4.796,1,1.07517006802721,"swiatek i.","zhu l.",1585.50639341434,1500,274
"2023-wimbledon-2101","wimbledon",2023,"0:05:00",8,"Iga Swiatek","Lin Zhu",71,2,1,1,"BW","NCTL",5,1,20.129,19.951,0,0.700340136054422,"swiatek i.","zhu l.",1585.50639341434,1500,300
"2023-wimbledon-2101","wimbledon",2023,"0:06:39",9,"Iga Swiatek","Lin Zhu",83,2,2,1,"C","NCTL",8,2,30.293,29.817,0,0.828618968386023,"swiatek i.","zhu l.",1585.50639341434,1500,399
"2023-wimbledon-2101","wimbledon",2023,"0:07:25",10,"Iga Swiatek","Lin Zhu",102,1,2,1,"B","NCTL",6,2,22.671,22.361,1,1.01830282861897,"swiatek i.","zhu l.",1585.50639341434,1500,445
"2023-wimbledon-2101","wimbledon",2023,"0:08:00",11,"Iga Swiatek","Lin Zhu",86,2,2,1,"BC","NCTL",6,2,17.125,17.415,0,0.858569051580699,"swiatek i.","zhu l.",1585.50639341434,1500,480
"2023-wimbledon-2101","wimbledon",2023,"0:08:44",12,"Iga Swiatek","Lin Zhu",81,2,2,1,"W","NCTL",2,2,7.643,8.014,0,0.80865224625624,"swiatek i.","zhu l.",1585.50639341434,1500,524
"2023-wimbledon-2101","wimbledon",2023,"0:09:41",13,"Iga Swiatek","Lin Zhu",80,2,1,1,"BC","NCTL",11,3,38.663,42.164,0,0.789115646258503,"swiatek i.","zhu l.",1585.50639341434,1500,581
"2023-wimbledon-2101","wimbledon",2023,"0:10:44",14,"Iga Swiatek","Lin Zhu",108,1,1,1,"BW","NCTL",5,3,21.398,22.854,1,1.06530612244898,"swiatek i.","zhu l.",1585.50639341434,1500,644
"2023-wimbledon-2101","wimbledon",2023,"0:11:27",15,"Iga Swiatek","Lin Zhu",74,2,1,1,"BC","NCTL",1,3,5.853,5.68,0,0.729931972789116,"swiatek i.","zhu l.",1585.50639341434,1500,687
"2023-wimbledon-2101","wimbledon",2023,"0:12:11",16,"Iga Swiatek","Lin Zhu",71,2,1,1,"W","CTL",5,3,19.141,23.509,0,0.700340136054422,"swiatek i.","zhu l.",1585.50639341434,1500,731
"2023-wimbledon-2101","wimbledon",2023,"0:14:30",17,"Iga Swiatek","Lin Zhu",76,2,2,2,"BC","NCTL",1,4,3.351,4.09,1,0.75873544093178,"swiatek i.","zhu l.",1585.50639341434,1500,870
"2023-wimbledon-2101","wimbledon",2023,"0:15:03",18,"Iga Swiatek","Lin Zhu",99,1,2,2,"C","NCTL",1,4,4.834,3.037,0,0.988352745424293,"swiatek i.","zhu l.",1585.50639341434,1500,903
"2023-wimbledon-2101","wimbledon",2023,"0:15:24",19,"Iga Swiatek","Lin Zhu",102,1,2,1,"BC","CTL",6,4,17.964,18.306,1,1.01830282861897,"swiatek i.","zhu l.",1585.50639341434,1500,924
"2023-wimbledon-2101","wimbledon",2023,"0:15:54",20,"Iga Swiatek","Lin Zhu",100,1,2,1,"B","NCTL",4,4,17.441,15.794,1,0.998336106489185,"swiatek i.","zhu l.",1585.50639341434,1500,954
"2023-wimbledon-2101","wimbledon",2023,"0:16:24",21,"Iga Swiatek","Lin Zhu",83,2,2,2,"BC","NCTL",11,4,38.529,34.872,1,0.828618968386023,"swiatek i.","zhu l.",1585.50639341434,1500,984
"2023-wimbledon-2101","wimbledon",2023,"0:17:15",22,"Iga Swiatek","Lin Zhu",72,2,2,1,"BW","NCTL",2,4,9.442,8.938,0,0.718801996672213,"swiatek i.","zhu l.",1585.50639341434,1500,1035
"2023-wimbledon-2101","wimbledon",2023,"0:17:57",23,"Iga Swiatek","Lin Zhu",90,1,2,2,"B","NCTL",5,4,19.254,20.808,0,0.898502495840266,"swiatek i.","zhu l.",1585.50639341434,1500,1077
"2023-wimbledon-2101","wimbledon",2023,"0:18:27",24,"Iga Swiatek","Lin Zhu",99,1,2,1,"C","NCTL",4,4,22.721,20.002,1,0.988352745424293,"swiatek i.","zhu l.",1585.50639341434,1500,1107
"2023-wimbledon-2101","wimbledon",2023,"0:18:57",25,"Iga Swiatek","Lin Zhu",107,1,2,1,"C","NCTL",8,4,25.745,29.048,1,1.06821963394343,"swiatek i.","zhu l.",1585.50639341434,1500,1137
"2023-wimbledon-2101","wimbledon",2023,"0:19:46",26,"Iga Swiatek","Lin Zhu",94,1,2,1,"BW","NCTL",4,4,14.083,14.166,1,0.938435940099834,"swiatek i.","zhu l.",1585.50639341434,1500,1186
"2023-wimbledon-2101","wimbledon",2023,"0:20:33",27,"Iga Swiatek","Lin Zhu",84,1,1,1,"W","CTL",3,5,7.522,12.05,1,0.828571428571429,"swiatek i.","zhu l.",1585.50639341434,1500,1233
"2023-wimbledon-2101","wimbledon",2023,"0:21:01",28,"Iga Swiatek","Lin Zhu",111,1,1,1,"W","CTL",1,5,0.95,1.65,1,1.09489795918367,"swiatek i.","zhu l.",1585.50639341434,1500,1261
"2023-wimbledon-2101","wimbledon",2023,"0:21:22",29,"Iga Swiatek","Lin Zhu",87,1,1,2,"W","CTL",4,5,9.697,15.736,0,0.858163265306122,"swiatek i.","zhu l.",1585.50639341434,1500,1282
"2023-wimbledon-2101","wimbledon",2023,"0:21:54",30,"Iga Swiatek","Lin Zhu",112,1,1,1,"B","NCTL",7,5,16.841,22.1,1,1.1047619047619,"swiatek i.","zhu l.",1585.50639341434,1500,1314
"2023-wimbledon-2101","wimbledon",2023,"0:22:28",31,"Iga Swiatek","Lin Zhu",80,2,1,2,"BC","NCTL",2,5,6.975,6.996,1,0.789115646258503,"swiatek i.","zhu l.",1585.50639341434,1500,1348
"2023-wimbledon-2101","wimbledon",2023,"0:23:31",32,"Iga Swiatek","Lin Zhu",84,2,1,1,"B","NCTL",1,5,6.488,5.241,0,0.828571428571429,"swiatek i.","zhu l.",1585.50639341434,1500,1411
"2023-wimbledon-2101","wimbledon",2023,"0:25:45",33,"Iga Swiatek","Lin Zhu",84,2,2,2,"C","NCTL",7,6,34.163,27.933,1,0.838602329450915,"swiatek i.","zhu l.",1585.50639341434,1500,1545
"2023-wimbledon-2101","wimbledon",2023,"0:26:33",34,"Iga Swiatek","Lin Zhu",94,1,2,1,"BC","NCTL",2,6,3.652,3.773,1,0.938435940099834,"swiatek i.","zhu l.",1585.50639341434,1500,1593
"2023-wimbledon-2101","wimbledon",2023,"0:26:58",35,"Iga Swiatek","Lin Zhu",92,1,2,1,"BW","NCTL",2,6,6.412,7.046,1,0.91846921797005,"swiatek i.","zhu l.",1585.50639341434,1500,1618
"2023-wimbledon-2101","wimbledon",2023,"0:27:23",36,"Iga Swiatek","Lin Zhu",100,1,2,1,"B","NCTL",2,6,10.907,6.565,1,0.998336106489185,"swiatek i.","zhu l.",1585.50639341434,1500,1643
"2023-wimbledon-2101","wimbledon",2023,"0:27:53",37,"Iga Swiatek","Lin Zhu",92,2,2,2,"BW","NCTL",9,6,28.106,28.593,1,0.91846921797005,"swiatek i.","zhu l.",1585.50639341434,1500,1673
"2023-wimbledon-2101","wimbledon",2023,"0:28:39",38,"Iga Swiatek","Lin Zhu",102,1,2,2,"B","NCTL",11,6,49.529,40.132,0,1.01830282861897,"swiatek i.","zhu l.",1585.50639341434,1500,1719
"2023-wimbledon-2101","wimbledon",2023,"0:29:24",39,"Iga Swiatek","Lin Zhu",92,2,2,2,"W","CTL",1,6,4.888,3.477,1,0.91846921797005,"swiatek i.","zhu l.",1585.50639341434,1500,1764
"2023-wimbledon-2101","wimbledon",2023,"0:29:58",40,"Iga Swiatek","Lin Zhu",101,1,2,2,"C","NCTL",3,6,12.498,12.062,0,1.00831946755408,"swiatek i.","zhu l.",1585.50639341434,1500,1798
"2023-wimbledon-2101","wimbledon",2023,"0:30:43",41,"Iga Swiatek","Lin Zhu",87,2,1,1,"BC","NCTL",1,7,4.762,5.236,0,0.858163265306122,"swiatek i.","zhu l.",1585.50639341434,1500,1843
"2023-wimbledon-2101","wimbledon",2023,"0:31:26",42,"Iga Swiatek","Lin Zhu",108,1,1,2,"BW","NCTL",12,7,50.33,56.79,0,1.06530612244898,"swiatek i.","zhu l.",1585.50639341434,1500,1886
"2023-wimbledon-2101","wimbledon",2023,"0:32:15",43,"Iga Swiatek","Lin Zhu",79,2,1,2,"BC","NCTL",6,7,18.912,21.279,1,0.779251700680272,"swiatek i.","zhu l.",1585.50639341434,1500,1935
"2023-wimbledon-2101","wimbledon",2023,"0:33:26",44,"Iga Swiatek","Lin Zhu",77,2,1,1,"BW","NCTL",9,7,4.794,4.951,0,0.759523809523809,"swiatek i.","zhu l.",1585.50639341434,1500,2006
"2023-wimbledon-2101","wimbledon",2023,"0:34:11",45,"Iga Swiatek","Lin Zhu",88,1,1,1,"BW","NCTL",1,7,8.143,6.351,1,0.868027210884354,"swiatek i.","zhu l.",1585.50639341434,1500,2051
"2023-wimbledon-2101","wimbledon",2023,"0:35:00",46,"Iga Swiatek","Lin Zhu",77,2,1,1,"BW","NCTL",3,7,6.929,9.328,0,0.759523809523809,"swiatek i.","zhu l.",1585.50639341434,1500,2100
"2023-wimbledon-2101","wimbledon",2023,"0:37:34",47,"Iga Swiatek","Lin Zhu",80,2,2,2,"C","NCTL",1,1,4.617,5.201,1,0.798668885191348,"swiatek i.","zhu l.",1585.50639341434,1500,2254
"2023-wimbledon-2101","wimbledon",2023,"0:38:07",48,"Iga Swiatek","Lin Zhu",79,2,2,2,"B","NCTL",3,1,11.489,10.051,1,0.788685524126456,"swiatek i.","zhu l.",1585.50639341434,1500,2287
"2023-wimbledon-2101","wimbledon",2023,"0:38:44",49,"Iga Swiatek","Lin Zhu",104,1,2,2,"BC","NCTL",5,1,20.019,19.375,0,1.03826955074875,"swiatek i.","zhu l.",1585.50639341434,1500,2324
"2023-wimbledon-2101","wimbledon",2023,"0:39:27",50,"Iga Swiatek","Lin Zhu",84,2,2,2,"BW","CTL",1,1,2.696,3.099,1,0.838602329450915,"swiatek i.","zhu l.",1585.50639341434,1500,2367
"2023-wimbledon-2101","wimbledon",2023,"0:40:35",51,"Iga Swiatek","Lin Zhu",108,1,1,2,"B","NCTL",4,2,11.378,17.174,0,1.06530612244898,"swiatek i.","zhu l.",1585.50639341434,1500,2435
"2023-wimbledon-2101","wimbledon",2023,"0:41:07",52,"Iga Swiatek","Lin Zhu",115,1,1,1,"B","CTL",7,2,17.492,43.043,1,1.1343537414966,"swiatek i.","zhu l.",1585.50639341434,1500,2467
"2023-wimbledon-2101","wimbledon",2023,"0:41:43",53,"Iga Swiatek","Lin Zhu",76,2,1,2,"BC","NCTL",2,2,14.096,12.628,1,0.749659863945578,"swiatek i.","zhu l.",1585.50639341434,1500,2503
"2023-wimbledon-2101","wimbledon",2023,"0:43:18",55,"Iga Swiatek","Lin Zhu",107,1,1,1,"BW","NCTL",1,2,3.614,3.823,1,1.05544217687075,"swiatek i.","zhu l.",1585.50639341434,1500,2598
"2023-wimbledon-2101","wimbledon",2023,"0:43:44",56,"Iga Swiatek","Lin Zhu",97,1,1,1,"BC","NCTL",5,2,14.019,13.958,1,0.956802721088435,"swiatek i.","zhu l.",1585.50639341434,1500,2624
"2023-wimbledon-2101","wimbledon",2023,"0:44:16",57,"Iga Swiatek","Lin Zhu",90,1,1,1,"W","CTL",3,2,6.577,10.938,1,0.887755102040816,"swiatek i.","zhu l.",1585.50639341434,1500,2656
"2023-wimbledon-2101","wimbledon",2023,"0:44:44",58,"Iga Swiatek","Lin Zhu",73,2,1,1,"BW","NCTL",5,2,23.006,20.912,0,0.720068027210884,"swiatek i.","zhu l.",1585.50639341434,1500,2684
"2023-wimbledon-2101","wimbledon",2023,"0:45:54",59,"Iga Swiatek","Lin Zhu",86,2,2,1,"BC","NCTL",4,3,12.459,12.706,0,0.858569051580699,"swiatek i.","zhu l.",1585.50639341434,1500,2754
"2023-wimbledon-2101","wimbledon",2023,"0:46:34",60,"Iga Swiatek","Lin Zhu",100,1,2,2,"C","NCTL",5,3,40.553,16.731,0,0.998336106489185,"swiatek i.","zhu l.",1585.50639341434,1500,2794
"2023-wimbledon-2101","wimbledon",2023,"0:47:03",61,"Iga Swiatek","Lin Zhu",96,1,2,2,"W","CTL",9,3,48.009,36.08,0,0.958402662229617,"swiatek i.","zhu l.",1585.50639341434,1500,2823
"2023-wimbledon-2101","wimbledon",2023,"0:47:59",62,"Iga Swiatek","Lin Zhu",103,1,2,1,"BW","NCTL",6,3,28.214,27.211,1,1.02828618968386,"swiatek i.","zhu l.",1585.50639341434,1500,2879
"2023-wimbledon-2101","wimbledon",2023,"0:48:58",63,"Iga Swiatek","Lin Zhu",80,2,2,1,"BC","NCTL",4,3,18.589,14.732,0,0.798668885191348,"swiatek i.","zhu l.",1585.50639341434,1500,2938
"2023-wimbledon-2101","wimbledon",2023,"0:49:43",64,"Iga Swiatek","Lin Zhu",87,2,2,2,"B","NCTL",1,3,3.996,3.301,1,0.868552412645591,"swiatek i.","zhu l.",1585.50639341434,1500,2983
"2023-wimbledon-2101","wimbledon",2023,"0:50:34",65,"Iga Swiatek","Lin Zhu",85,2,2,1,"BC","NCTL",2,3,4.805,5.491,0,0.848585690515807,"swiatek i.","zhu l.",1585.50639341434,1500,3034
"2023-wimbledon-2101","wimbledon",2023,"0:51:11",66,"Iga Swiatek","Lin Zhu",100,1,2,2,"C","NCTL",3,3,12.282,9.516,0,0.998336106489185,"swiatek i.","zhu l.",1585.50639341434,1500,3071
"2023-wimbledon-2101","wimbledon",2023,"0:51:37",67,"Iga Swiatek","Lin Zhu",100,1,2,1,"BW","NCTL",4,3,23.28,12.569,1,0.998336106489185,"swiatek i.","zhu l.",1585.50639341434,1500,3097
"2023-wimbledon-2101","wimbledon",2023,"0:52:08",68,"Iga Swiatek","Lin Zhu",83,2,2,1,"BW","NCTL",6,3,16.726,19.407,0,0.828618968386023,"swiatek i.","zhu l.",1585.50639341434,1500,3128
"2023-wimbledon-2101","wimbledon",2023,"0:55:05",70,"Iga Swiatek","Lin Zhu",108,1,1,1,"B","NCTL",3,4,12.59,10.331,1,1.06530612244898,"swiatek i.","zhu l.",1585.50639341434,1500,3305
"2023-wimbledon-2101","wimbledon",2023,"0:55:46",71,"Iga Swiatek","Lin Zhu",74,2,1,1,"BC","NCTL",7,4,29.228,25.797,0,0.729931972789116,"swiatek i.","zhu l.",1585.50639341434,1500,3346
"2023-wimbledon-2101","wimbledon",2023,"0:56:40",72,"Iga Swiatek","Lin Zhu",108,1,1,1,"B","NCTL",9,4,34.259,38.447,1,1.06530612244898,"swiatek i.","zhu l.",1585.50639341434,1500,3400
"2023-wimbledon-2101","wimbledon",2023,"0:57:24",73,"Iga Swiatek","Lin Zhu",104,1,1,2,"BC","CTL",6,4,20.905,21.044,0,1.02585034013605,"swiatek i.","zhu l.",1585.50639341434,1500,3444
"2023-wimbledon-2101","wimbledon",2023,"0:58:01",74,"Iga Swiatek","Lin Zhu",86,2,1,2,"BW","NCTL",2,4,7.834,10.092,1,0.848299319727891,"swiatek i.","zhu l.",1585.50639341434,1500,3481
"2023-wimbledon-2101","wimbledon",2023,"0:58:48",75,"Iga Swiatek","Lin Zhu",98,1,1,2,"B","NCTL",6,4,16.563,32.316,0,0.966666666666667,"swiatek i.","zhu l.",1585.50639341434,1500,3528
"2023-wimbledon-2101","wimbledon",2023,"0:59:26",76,"Iga Swiatek","Lin Zhu",103,1,1,2,"C","NCTL",6,4,13.473,20.57,0,1.01598639455782,"swiatek i.","zhu l.",1585.50639341434,1500,3566
"2023-wimbledon-2101","wimbledon",2023,"1:00:08",77,"Iga Swiatek","Lin Zhu",91,1,2,1,"BW","NCTL",6,5,23.792,30.127,1,0.908485856905158,"swiatek i.","zhu l.",1585.50639341434,1500,3608
"2023-wimbledon-2101","wimbledon",2023,"1:00:43",78,"Iga Swiatek","Lin Zhu",76,2,2,1,"BW","NCTL",2,5,4.65,6.47,0,0.75873544093178,"swiatek i.","zhu l.",1585.50639341434,1500,3643
"2023-wimbledon-2101","wimbledon",2023,"1:01:23",79,"Iga Swiatek","Lin Zhu",104,1,2,1,"C","NCTL",4,5,19.787,16.774,1,1.03826955074875,"swiatek i.","zhu l.",1585.50639341434,1500,3683
"2023-wimbledon-2101","wimbledon",2023,"1:01:54",80,"Iga Swiatek","Lin Zhu",100,1,2,2,"C","CTL",1,5,0.828,1.13,0,0.998336106489185,"swiatek i.","zhu l.",1585.50639341434,1500,3714
"2023-wimbledon-2101","wimbledon",2023,"1:02:28",81,"Iga Swiatek","Lin Zhu",99,1,2,1,"BC","CTL",4,5,11.752,10.559,1,0.988352745424293,"swiatek i.","zhu l.",1585.50639341434,1500,3748
"2023-wimbledon-2101","wimbledon",2023,"1:04:37",82,"Iga Swiatek","Lin Zhu",97,1,1,1,"B","NCTL",11,6,27.793,29.329,1,0.956802721088435,"swiatek i.","zhu l.",1585.50639341434,1500,3877
"2023-wimbledon-2101","wimbledon",2023,"1:05:15",83,"Iga Swiatek","Lin Zhu",103,1,1,1,"BC","NCTL",3,6,19.254,18.588,1,1.01598639455782,"swiatek i.","zhu l.",1585.50639341434,1500,3915
"2023-wimbledon-2101","wimbledon",2023,"1:05:47",84,"Iga Swiatek","Lin Zhu",76,2,1,1,"C","NCTL",7,6,26.346,30.27,0,0.749659863945578,"swiatek i.","zhu l.",1585.50639341434,1500,3947
"2023-wimbledon-2101","wimbledon",2023,"1:06:39",85,"Iga Swiatek","Lin Zhu",68,1,1,1,"BW","NCTL",5,6,17.26,21.633,1,0.670748299319728,"swiatek i.","zhu l.",1585.50639341434,1500,3999
"2023-wimbledon-2101","wimbledon",2023,"1:07:25",86,"Iga Swiatek","Lin Zhu",104,1,2,2,"BC","NCTL",5,7,25.841,16.429,0,1.03826955074875,"swiatek i.","zhu l.",1585.50639341434,1500,4045
"2023-wimbledon-2101","wimbledon",2023,"1:07:51",87,"Iga Swiatek","Lin Zhu",104,1,2,2,"BC","CTL",1,7,4.865,4.986,0,1.03826955074875,"swiatek i.","zhu l.",1585.50639341434,1500,4071
"2023-wimbledon-2101","wimbledon",2023,"1:08:12",88,"Iga Swiatek","Lin Zhu",107,1,2,1,"C","NCTL",6,7,29.994,20.666,1,1.06821963394343,"swiatek i.","zhu l.",1585.50639341434,1500,4092
"2023-wimbledon-2101","wimbledon",2023,"1:08:47",89,"Iga Swiatek","Lin Zhu",95,2,2,1,"BC","NCTL",6,7,17.855,23.922,0,0.948419301164725,"swiatek i.","zhu l.",1585.50639341434,1500,4127
"2023-wimbledon-2101","wimbledon",2023,"1:09:44",90,"Iga Swiatek","Lin Zhu",92,2,2,2,"BW","NCTL",5,7,16.006,15.079,1,0.91846921797005,"swiatek i.","zhu l.",1585.50639341434,1500,4184
"2023-wimbledon-2101","wimbledon",2023,"1:10:27",91,"Iga Swiatek","Lin Zhu",103,1,2,2,"BC","NCTL",1,7,2.73,2.653,0,1.02828618968386,"swiatek i.","zhu l.",1585.50639341434,1500,4227
"2023-wimbledon-2101","wimbledon",2023,"1:35:29",92,"Iga Swiatek","Lin Zhu",107,1,1,1,"BC","NCTL",5,8,30.149,17.033,1,1.05544217687075,"swiatek i.","zhu l.",1585.50639341434,1500,5729
"2023-wimbledon-2101","wimbledon",2023,"1:36:00",93,"Iga Swiatek","Lin Zhu",104,1,1,1,"C","NCTL",5,8,18.382,20.581,1,1.02585034013605,"swiatek i.","zhu l.",1585.50639341434,1500,5760
"2023-wimbledon-2101","wimbledon",2023,"1:36:31",94,"Iga Swiatek","Lin Zhu",92,1,1,2,"W","NCTL",10,8,21.042,30.646,0,0.907482993197279,"swiatek i.","zhu l.",1585.50639341434,1500,5791
"2023-wimbledon-2101","wimbledon",2023,"1:37:07",95,"Iga Swiatek","Lin Zhu",102,1,1,1,"B","NCTL",5,8,13.622,9.48,1,1.00612244897959,"swiatek i.","zhu l.",1585.50639341434,1500,5827
"2023-wimbledon-2101","wimbledon",2023,"1:37:37",96,"Iga Swiatek","Lin Zhu",112,1,1,1,"BC","NCTL",1,8,4.557,6.913,1,1.1047619047619,"swiatek i.","zhu l.",1585.50639341434,1500,5857
"2023-wimbledon-2101","wimbledon",2023,"1:38:13",97,"Iga Swiatek","Lin Zhu",106,1,2,1,"C","NCTL",2,9,7.469,5.302,1,1.05823627287854,"swiatek i.","zhu l.",1585.50639341434,1500,5893
"2023-wimbledon-2101","wimbledon",2023,"1:38:37",98,"Iga Swiatek","Lin Zhu",78,2,2,1,"W","NCTL",8,9,27.409,30.239,0,0.778702163061564,"swiatek i.","zhu l.",1585.50639341434,1500,5917
"2023-wimbledon-2101","wimbledon",2023,"1:39:28",99,"Iga Swiatek","Lin Zhu",101,1,2,2,"B","CTL",5,9,24.555,19.373,0,1.00831946755408,"swiatek i.","zhu l.",1585.50639341434,1500,5968
"2023-wimbledon-2101","wimbledon",2023,"1:39:59",100,"Iga Swiatek","Lin Zhu",101,1,2,2,"BW","NCTL",11,9,53.254,39.442,0,1.00831946755408,"swiatek i.","zhu l.",1585.50639341434,1500,5999
"2023-wimbledon-2101","wimbledon",2023,"1:40:44",101,"Iga Swiatek","Lin Zhu",87,2,2,1,"B","NCTL",2,9,9.126,6.87,0,0.868552412645591,"swiatek i.","zhu l.",1585.50639341434,1500,6044
"2023-wimbledon-2101","wimbledon",2023,"1:41:26",102,"Iga Swiatek","Lin Zhu",75,2,2,1,"BW","NCTL",2,9,4.787,6.751,0,0.748752079866889,"swiatek i.","zhu l.",1585.50639341434,1500,6086
"2023-wimbledon-2103","wimbledon",2023,"0:00:00",1,"Diane Parry","Harriet Dart",89,1,2,1,"W","CTL",2,1,12.229,9.707,1,0.990686051794639,"parry d.","dart h.",1518.94497447145,1500,0
"2023-wimbledon-2103","wimbledon",2023,"0:00:20",2,"Diane Parry","Harriet Dart",89,1,2,1,"BW","CTL",4,1,10.973,12.029,1,0.990686051794639,"parry d.","dart h.",1518.94497447145,1500,20
"2023-wimbledon-2103","wimbledon",2023,"0:00:44",3,"Diane Parry","Harriet Dart",102,1,2,2,"C","NCTL",7,1,27.036,21.368,0,1.13539300318037,"parry d.","dart h.",1518.94497447145,1500,44
"2023-wimbledon-2103","wimbledon",2023,"0:01:16",4,"Diane Parry","Harriet Dart",70,2,2,1,"B","NCTL",2,1,4.754,5.498,0,0.779191276692413,"parry d.","dart h.",1518.94497447145,1500,76
"2023-wimbledon-2103","wimbledon",2023,"0:01:52",5,"Diane Parry","Harriet Dart",98,1,2,2,"C","CTL",1,1,0.859,0.943,0,1.09086778736938,"parry d.","dart h.",1518.94497447145,1500,112
"2023-wimbledon-2103","wimbledon",2023,"0:02:19",6,"Diane Parry","Harriet Dart",73,2,2,2,"BC","NCTL",1,1,0.981,1.387,1,0.812585188550659,"parry d.","dart h.",1518.94497447145,1500,139
"2023-wimbledon-2103","wimbledon",2023,"0:02:50",7,"Diane Parry","Harriet Dart",67,2,2,1,"B","NCTL",6,1,25.807,24.12,0,0.745797364834166,"parry d.","dart h.",1518.94497447145,1500,170
"2023-wimbledon-2103","wimbledon",2023,"0:03:37",8,"Diane Parry","Harriet Dart",94,1,2,1,"C","CTL",6,1,55.885,54.947,1,1.04634257155838,"parry d.","dart h.",1518.94497447145,1500,217
"2023-wimbledon-2103","wimbledon",2023,"0:04:44",9,"Diane Parry","Harriet Dart",99,1,1,1,"","",1,2,0,0,1,1.02883489461358,"parry d.","dart h.",1518.94497447145,1500,284
"2023-wimbledon-2103","wimbledon",2023,"0:05:03",10,"Diane Parry","Harriet Dart",102,1,1,1,"","",5,2,0,0,1,1.06001170960187,"parry d.","dart h.",1518.94497447145,1500,303
"2023-wimbledon-2103","wimbledon",2023,"0:05:25",11,"Diane Parry","Harriet Dart",97,1,1,2,"W","CTL",6,2,18.498,22.342,0,1.00805035128806,"parry d.","dart h.",1518.94497447145,1500,325
"2023-wimbledon-2103","wimbledon",2023,"0:05:56",12,"Diane Parry","Harriet Dart",78,2,1,2,"BW","CTL",2,2,9.34,11.575,1,0.81059718969555,"parry d.","dart h.",1518.94497447145,1500,356
"2023-wimbledon-2103","wimbledon",2023,"0:06:31",13,"Diane Parry","Harriet Dart",76,2,1,1,"BC","NCTL",3,2,11.545,10.139,0,0.789812646370023,"parry d.","dart h.",1518.94497447145,1500,391
"2023-wimbledon-2103","wimbledon",2023,"0:07:10",14,"Diane Parry","Harriet Dart",97,1,1,1,"C","NCTL",5,2,13.887,13.815,1,1.00805035128806,"parry d.","dart h.",1518.94497447145,1500,430
"2023-wimbledon-2103","wimbledon",2023,"0:07:45",15,"Diane Parry","Harriet Dart",78,2,2,2,"BW","NCTL",1,3,5.255,4.838,1,0.868241708314403,"parry d.","dart h.",1518.94497447145,1500,465
"2023-wimbledon-2103","wimbledon",2023,"0:08:15",16,"Diane Parry","Harriet Dart",100,1,2,2,"W","CTL",3,3,8.617,9.301,0,1.11313039527488,"parry d.","dart h.",1518.94497447145,1500,495
"2023-wimbledon-2103","wimbledon",2023,"0:09:09",18,"Diane Parry","Harriet Dart",95,1,2,2,"C","NCTL",3,3,12.738,11.452,0,1.05747387551113,"parry d.","dart h.",1518.94497447145,1500,549
"2023-wimbledon-2103","wimbledon",2023,"0:09:35",19,"Diane Parry","Harriet Dart",71,2,2,1,"BC","NCTL",2,3,5.534,5.524,0,0.790322580645161,"parry d.","dart h.",1518.94497447145,1500,575
"2023-wimbledon-2103","wimbledon",2023,"0:10:58",21,"Diane Parry","Harriet Dart",88,1,2,1,"W","CTL",4,3,16.912,10.525,1,0.97955474784189,"parry d.","dart h.",1518.94497447145,1500,658
"2023-wimbledon-2103","wimbledon",2023,"0:11:29",22,"Diane Parry","Harriet Dart",94,1,2,1,"W","CTL",8,3,31.718,40.658,1,1.04634257155838,"parry d.","dart h.",1518.94497447145,1500,689
"2023-wimbledon-2103","wimbledon",2023,"0:13:51",24,"Diane Parry","Harriet Dart",75,2,1,1,"BW","NCTL",3,4,18.936,14.685,0,0.77942037470726,"parry d.","dart h.",1518.94497447145,1500,831
"2023-wimbledon-2103","wimbledon",2023,"0:14:27",25,"Diane Parry","Harriet Dart",100,1,1,2,"C","NCTL",4,4,18.497,16.652,0,1.03922716627635,"parry d.","dart h.",1518.94497447145,1500,867
"2023-wimbledon-2103","wimbledon",2023,"0:15:03",26,"Diane Parry","Harriet Dart",103,1,1,2,"C","NCTL",4,4,15.14,17.016,0,1.07040398126464,"parry d.","dart h.",1518.94497447145,1500,903
"2023-wimbledon-2103","wimbledon",2023,"0:15:35",27,"Diane Parry","Harriet Dart",99,1,1,2,"W","CTL",4,4,14.467,18.492,0,1.02883489461358,"parry d.","dart h.",1518.94497447145,1500,935
"2023-wimbledon-2103","wimbledon",2023,"0:16:03",28,"Diane Parry","Harriet Dart",79,2,1,2,"B","NCTL",4,4,24.333,16.282,1,0.820989461358314,"parry d.","dart h.",1518.94497447145,1500,963
"2023-wimbledon-2103","wimbledon",2023,"0:16:51",29,"Diane Parry","Harriet Dart",80,1,2,2,"W","NCTL",7,5,33.719,25.603,0,0.8905043162199,"parry d.","dart h.",1518.94497447145,1500,1011
"2023-wimbledon-2103","wimbledon",2023,"0:17:21",30,"Diane Parry","Harriet Dart",77,2,2,2,"C","NCTL",1,5,1.175,1.023,1,0.857110404361654,"parry d.","dart h.",1518.94497447145,1500,1041
"2023-wimbledon-2103","wimbledon",2023,"0:17:57",31,"Diane Parry","Harriet Dart",93,1,2,2,"BC","CTL",9,5,37.537,33.157,0,1.03521126760563,"parry d.","dart h.",1518.94497447145,1500,1077
"2023-wimbledon-2103","wimbledon",2023,"0:18:32",32,"Diane Parry","Harriet Dart",74,2,2,1,"W","CTL",2,5,8.63,9.449,0,0.823716492503408,"parry d.","dart h.",1518.94497447145,1500,1112
"2023-wimbledon-2103","wimbledon",2023,"0:19:08",33,"Diane Parry","Harriet Dart",98,1,2,2,"C","NCTL",3,5,13.69,12.98,0,1.09086778736938,"parry d.","dart h.",1518.94497447145,1500,1148
"2023-wimbledon-2103","wimbledon",2023,"0:20:45",34,"Diane Parry","Harriet Dart",100,1,1,2,"C","NCTL",2,6,9.492,12.37,0,1.03922716627635,"parry d.","dart h.",1518.94497447145,1500,1245
"2023-wimbledon-2103","wimbledon",2023,"0:21:07",35,"Diane Parry","Harriet Dart",106,1,1,2,"C","CTL",6,6,20.493,23.735,0,1.10158079625293,"parry d.","dart h.",1518.94497447145,1500,1267
"2023-wimbledon-2103","wimbledon",2023,"0:21:52",36,"Diane Parry","Harriet Dart",75,2,1,1,"BC","NCTL",5,6,19.955,22.983,0,0.77942037470726,"parry d.","dart h.",1518.94497447145,1500,1312
"2023-wimbledon-2103","wimbledon",2023,"0:22:36",37,"Diane Parry","Harriet Dart",80,2,1,1,"BW","NCTL",1,6,5.511,5.16,0,0.831381733021077,"parry d.","dart h.",1518.94497447145,1500,1356
"2023-wimbledon-2103","wimbledon",2023,"0:23:17",38,"Diane Parry","Harriet Dart",94,1,1,2,"B","NCTL",4,6,16.147,21.082,0,0.976873536299766,"parry d.","dart h.",1518.94497447145,1500,1397
"2023-wimbledon-2103","wimbledon",2023,"0:23:45",39,"Diane Parry","Harriet Dart",93,1,1,1,"C","NCTL",5,6,14.524,10.372,1,0.966481264637002,"parry d.","dart h.",1518.94497447145,1500,1425
"2023-wimbledon-2103","wimbledon",2023,"0:24:12",40,"Diane Parry","Harriet Dart",92,1,1,1,"W","CTL",3,6,10.027,14.632,1,0.956088992974239,"parry d.","dart h.",1518.94497447145,1500,1452
"2023-wimbledon-2103","wimbledon",2023,"0:26:59",41,"Diane Parry","Harriet Dart",76,2,1,1,"BW","NCTL",11,6,41.347,38.011,0,0.789812646370023,"parry d.","dart h.",1518.94497447145,1500,1619
"2023-wimbledon-2103","wimbledon",2023,"0:27:58",42,"Diane Parry","Harriet Dart",80,1,2,2,"W","CTL",5,7,21.575,14.799,0,0.8905043162199,"parry d.","dart h.",1518.94497447145,1500,1678
"2023-wimbledon-2103","wimbledon",2023,"0:28:26",43,"Diane Parry","Harriet Dart",96,1,2,2,"C","NCTL",3,7,7.993,6.451,0,1.06860517946388,"parry d.","dart h.",1518.94497447145,1500,1706
"2023-wimbledon-2103","wimbledon",2023,"0:28:49",44,"Diane Parry","Harriet Dart",73,2,2,2,"BC","NCTL",1,7,8.236,6.516,1,0.812585188550659,"parry d.","dart h.",1518.94497447145,1500,1729
"2023-wimbledon-2103","wimbledon",2023,"0:29:38",45,"Diane Parry","Harriet Dart",91,1,2,2,"C","NCTL",3,7,18.434,15.306,0,1.01294865970014,"parry d.","dart h.",1518.94497447145,1500,1778
"2023-wimbledon-2103","wimbledon",2023,"0:31:26",46,"Diane Parry","Harriet Dart",80,2,1,1,"BC","NCTL",3,8,9.053,7.771,0,0.831381733021077,"parry d.","dart h.",1518.94497447145,1500,1886
"2023-wimbledon-2103","wimbledon",2023,"0:31:57",47,"Diane Parry","Harriet Dart",99,1,1,2,"C","CTL",2,8,7.843,6.661,0,1.02883489461358,"parry d.","dart h.",1518.94497447145,1500,1917
"2023-wimbledon-2103","wimbledon",2023,"0:32:46",49,"Diane Parry","Harriet Dart",97,1,1,2,"BW","NCTL",2,8,6.34,7.499,0,1.00805035128806,"parry d.","dart h.",1518.94497447145,1500,1966
"2023-wimbledon-2103","wimbledon",2023,"0:33:12",50,"Diane Parry","Harriet Dart",99,1,1,1,"C","CTL",5,8,17.509,15.823,1,1.02883489461358,"parry d.","dart h.",1518.94497447145,1500,1992
"2023-wimbledon-2103","wimbledon",2023,"0:33:37",51,"Diane Parry","Harriet Dart",78,2,1,2,"BW","NCTL",6,8,25.822,36.123,1,0.81059718969555,"parry d.","dart h.",1518.94497447145,1500,2017
"2023-wimbledon-2103","wimbledon",2023,"0:34:25",52,"Diane Parry","Harriet Dart",92,1,1,1,"BW","NCTL",9,8,42.245,36.437,1,0.956088992974239,"parry d.","dart h.",1518.94497447145,1500,2065
"2023-wimbledon-2103","wimbledon",2023,"0:35:06",53,"Diane Parry","Harriet Dart",102,1,1,1,"BW","NCTL",7,8,35.827,28.523,1,1.06001170960187,"parry d.","dart h.",1518.94497447145,1500,2106
"2023-wimbledon-2103","wimbledon",2023,"0:35:46",54,"Diane Parry","Harriet Dart",94,1,2,1,"C","NCTL",2,9,8.884,8.343,1,1.04634257155838,"parry d.","dart h.",1518.94497447145,1500,2146
"2023-wimbledon-2103","wimbledon",2023,"0:36:08",55,"Diane Parry","Harriet Dart",75,2,2,2,"BW","NCTL",5,9,19.741,14.175,1,0.834847796456156,"parry d.","dart h.",1518.94497447145,1500,2168
"2023-wimbledon-2103","wimbledon",2023,"0:36:56",56,"Diane Parry","Harriet Dart",72,2,2,1,"B","NCTL",10,9,42.988,55.831,0,0.80145388459791,"parry d.","dart h.",1518.94497447145,1500,2216
"2023-wimbledon-2103","wimbledon",2023,"0:38:00",57,"Diane Parry","Harriet Dart",69,2,2,2,"BW","CTL",5,9,21.615,16.029,1,0.768059972739664,"parry d.","dart h.",1518.94497447145,1500,2280
"2023-wimbledon-2103","wimbledon",2023,"0:38:47",58,"Diane Parry","Harriet Dart",88,1,2,2,"W","CTL",1,9,6.412,6.053,0,0.97955474784189,"parry d.","dart h.",1518.94497447145,1500,2327
"2023-wimbledon-2103","wimbledon",2023,"0:39:06",59,"Diane Parry","Harriet Dart",98,1,2,2,"W","CTL",5,9,24.422,11.734,0,1.09086778736938,"parry d.","dart h.",1518.94497447145,1500,2346
"2023-wimbledon-2103","wimbledon",2023,"0:40:56",60,"Diane Parry","Harriet Dart",78,2,1,2,"C","NCTL",6,10,20.988,17.79,1,0.81059718969555,"parry d.","dart h.",1518.94497447145,1500,2456
"2023-wimbledon-2103","wimbledon",2023,"0:41:33",61,"Diane Parry","Harriet Dart",96,1,1,1,"C","NCTL",5,10,15.142,17.218,1,0.997658079625293,"parry d.","dart h.",1518.94497447145,1500,2493
"2023-wimbledon-2103","wimbledon",2023,"0:42:01",62,"Diane Parry","Harriet Dart",95,1,1,1,"B","NCTL",3,10,7.516,8.715,1,0.987265807962529,"parry d.","dart h.",1518.94497447145,1500,2521
"2023-wimbledon-2103","wimbledon",2023,"0:42:24",63,"Diane Parry","Harriet Dart",80,2,1,2,"B","NCTL",6,10,26.007,15.481,1,0.831381733021077,"parry d.","dart h.",1518.94497447145,1500,2544
"2023-wimbledon-2103","wimbledon",2023,"0:43:07",64,"Diane Parry","Harriet Dart",100,1,1,2,"W","CTL",2,10,4.979,6.252,0,1.03922716627635,"parry d.","dart h.",1518.94497447145,1500,2587
"2023-wimbledon-2103","wimbledon",2023,"0:43:39",65,"Diane Parry","Harriet Dart",98,1,1,1,"W","CTL",3,10,20.425,15.292,1,1.01844262295082,"parry d.","dart h.",1518.94497447145,1500,2619
"2023-wimbledon-2103","wimbledon",2023,"0:44:08",66,"Diane Parry","Harriet Dart",79,2,1,2,"BC","NCTL",2,10,9.741,9.356,1,0.820989461358314,"parry d.","dart h.",1518.94497447145,1500,2648
"2023-wimbledon-2103","wimbledon",2023,"0:44:49",67,"Diane Parry","Harriet Dart",99,1,1,2,"BW","NCTL",24,10,88.575,87.473,0,1.02883489461358,"parry d.","dart h.",1518.94497447145,1500,2689
"2023-wimbledon-2103","wimbledon",2023,"0:46:04",68,"Diane Parry","Harriet Dart",84,1,2,2,"BW","NCTL",3,11,18.304,17.844,0,0.935029532030895,"parry d.","dart h.",1518.94497447145,1500,2764
"2023-wimbledon-2103","wimbledon",2023,"0:46:30",69,"Diane Parry","Harriet Dart",91,1,2,1,"BW","NCTL",12,11,45.734,43.654,1,1.01294865970014,"parry d.","dart h.",1518.94497447145,1500,2790
"2023-wimbledon-2103","wimbledon",2023,"0:47:13",70,"Diane Parry","Harriet Dart",93,1,2,2,"BC","CTL",9,11,31.521,27.547,0,1.03521126760563,"parry d.","dart h.",1518.94497447145,1500,2833
"2023-wimbledon-2103","wimbledon",2023,"0:47:51",71,"Diane Parry","Harriet Dart",90,1,2,2,"C","NCTL",7,11,26.578,19.761,0,1.00181735574739,"parry d.","dart h.",1518.94497447145,1500,2871
"2023-wimbledon-2103","wimbledon",2023,"0:48:23",72,"Diane Parry","Harriet Dart",66,2,2,2,"BC","NCTL",1,11,4.435,5.647,1,0.734666060881418,"parry d.","dart h.",1518.94497447145,1500,2903
"2023-wimbledon-2103","wimbledon",2023,"0:50:28",73,"Diane Parry","Harriet Dart",92,1,1,1,"C","NCTL",1,12,5.135,6.38,1,0.956088992974239,"parry d.","dart h.",1518.94497447145,1500,3028
"2023-wimbledon-2103","wimbledon",2023,"0:50:47",74,"Diane Parry","Harriet Dart",98,1,1,2,"B","NCTL",6,12,19.549,21.903,0,1.01844262295082,"parry d.","dart h.",1518.94497447145,1500,3047
"2023-wimbledon-2103","wimbledon",2023,"0:51:15",75,"Diane Parry","Harriet Dart",98,1,1,1,"BC","NCTL",1,12,4.476,2.625,1,1.01844262295082,"parry d.","dart h.",1518.94497447145,1500,3075
"2023-wimbledon-2103","wimbledon",2023,"0:51:37",76,"Diane Parry","Harriet Dart",100,1,1,2,"C","NCTL",4,12,11.911,12.047,0,1.03922716627635,"parry d.","dart h.",1518.94497447145,1500,3097
"2023-wimbledon-2103","wimbledon",2023,"0:52:05",77,"Diane Parry","Harriet Dart",96,1,1,1,"W","CTL",1,12,1.198,0.711,1,0.997658079625293,"parry d.","dart h.",1518.94497447145,1500,3125
"2023-wimbledon-2103","wimbledon",2023,"0:52:26",78,"Diane Parry","Harriet Dart",101,1,1,1,"B","CTL",3,12,17.407,12.925,1,1.04961943793911,"parry d.","dart h.",1518.94497447145,1500,3146
"2023-wimbledon-2103","wimbledon",2023,"0:53:10",79,"Diane Parry","Harriet Dart",78,1,2,2,"B","NCTL",1,13,3.775,4.875,0,0.868241708314403,"parry d.","dart h.",1518.94497447145,1500,3190
"2023-wimbledon-2103","wimbledon",2023,"0:53:44",80,"Diane Parry","Harriet Dart",73,2,1,1,"BW","NCTL",3,13,8.43,7.537,0,0.758635831381733,"parry d.","dart h.",1518.94497447145,1500,3224
"2023-wimbledon-2103","wimbledon",2023,"0:54:18",81,"Diane Parry","Harriet Dart",102,1,1,1,"BC","NCTL",5,13,18.594,18.37,1,1.06001170960187,"parry d.","dart h.",1518.94497447145,1500,3258
"2023-wimbledon-2103","wimbledon",2023,"0:54:52",82,"Diane Parry","Harriet Dart",68,2,2,1,"BW","CTL",6,13,24.302,20.103,0,0.756928668786915,"parry d.","dart h.",1518.94497447145,1500,3292
"2023-wimbledon-2103","wimbledon",2023,"0:55:38",83,"Diane Parry","Harriet Dart",72,2,2,2,"BC","NCTL",3,13,10.667,7.937,1,0.80145388459791,"parry d.","dart h.",1518.94497447145,1500,3338
"2023-wimbledon-2103","wimbledon",2023,"0:56:29",84,"Diane Parry","Harriet Dart",105,1,1,2,"BC","NCTL",4,13,16.444,12.356,0,1.09118852459016,"parry d.","dart h.",1518.94497447145,1500,3389
"2023-wimbledon-2103","wimbledon",2023,"0:57:25",85,"Diane Parry","Harriet Dart",81,2,1,2,"BC","NCTL",6,13,26.389,21.114,1,0.841774004683841,"parry d.","dart h.",1518.94497447145,1500,3445
"2023-wimbledon-2103","wimbledon",2023,"0:58:16",86,"Diane Parry","Harriet Dart",91,1,2,2,"BC","NCTL",3,13,10.156,10.176,0,1.01294865970014,"parry d.","dart h.",1518.94497447145,1500,3496
"2023-wimbledon-2103","wimbledon",2023,"0:58:39",87,"Diane Parry","Harriet Dart",96,1,2,2,"C","NCTL",3,13,14.66,14.629,0,1.06860517946388,"parry d.","dart h.",1518.94497447145,1500,3519
"2023-wimbledon-2103","wimbledon",2023,"0:59:16",88,"Diane Parry","Harriet Dart",98,1,1,1,"BW","CTL",7,13,36.567,27.144,1,1.01844262295082,"parry d.","dart h.",1518.94497447145,1500,3556
"2023-wimbledon-2103","wimbledon",2023,"0:59:51",89,"Diane Parry","Harriet Dart",93,1,1,2,"W","CTL",4,13,13.764,18.315,0,0.966481264637002,"parry d.","dart h.",1518.94497447145,1500,3591
"2023-wimbledon-2103","wimbledon",2023,"1:02:38",90,"Diane Parry","Harriet Dart",80,2,1,2,"BC","NCTL",4,1,25.057,12.792,1,0.831381733021077,"parry d.","dart h.",1518.94497447145,1500,3758
"2023-wimbledon-2103","wimbledon",2023,"1:03:18",91,"Diane Parry","Harriet Dart",97,1,1,1,"C","NCTL",5,1,31.249,22.163,1,1.00805035128806,"parry d.","dart h.",1518.94497447145,1500,3798
"2023-wimbledon-2103","wimbledon",2023,"1:03:46",92,"Diane Parry","Harriet Dart",96,1,1,1,"BC","NCTL",5,1,16.076,17.705,1,0.997658079625293,"parry d.","dart h.",1518.94497447145,1500,3826
"2023-wimbledon-2103","wimbledon",2023,"1:04:11",93,"Diane Parry","Harriet Dart",87,1,1,2,"BW","NCTL",4,1,16.709,22.252,0,0.904127634660421,"parry d.","dart h.",1518.94497447145,1500,3851
"2023-wimbledon-2103","wimbledon",2023,"1:04:37",94,"Diane Parry","Harriet Dart",94,1,1,2,"B","NCTL",4,1,15.46,14.737,0,0.976873536299766,"parry d.","dart h.",1518.94497447145,1500,3877
"2023-wimbledon-2103","wimbledon",2023,"1:05:08",95,"Diane Parry","Harriet Dart",95,1,1,1,"W","CTL",3,1,13.445,11.869,1,0.987265807962529,"parry d.","dart h.",1518.94497447145,1500,3908
"2023-wimbledon-2103","wimbledon",2023,"1:05:31",96,"Diane Parry","Harriet Dart",98,1,1,1,"BW","NCTL",3,1,8.256,9.267,1,1.01844262295082,"parry d.","dart h.",1518.94497447145,1500,3931
"2023-wimbledon-2103","wimbledon",2023,"1:06:31",98,"Diane Parry","Harriet Dart",82,2,1,1,"BC","NCTL",3,1,24.702,25.081,0,0.852166276346604,"parry d.","dart h.",1518.94497447145,1500,3991
"2023-wimbledon-2103","wimbledon",2023,"1:07:29",99,"Diane Parry","Harriet Dart",86,2,1,1,"BW","CTL",3,1,14.158,11.095,0,0.893735362997658,"parry d.","dart h.",1518.94497447145,1500,4049
"2023-wimbledon-2103","wimbledon",2023,"1:08:58",100,"Diane Parry","Harriet Dart",69,2,2,1,"C","NCTL",10,2,33.383,37.092,0,0.768059972739664,"parry d.","dart h.",1518.94497447145,1500,4138
"2023-wimbledon-2103","wimbledon",2023,"1:09:47",101,"Diane Parry","Harriet Dart",65,2,2,2,"BW","NCTL",1,2,5.537,4.415,1,0.723534756928669,"parry d.","dart h.",1518.94497447145,1500,4187
"2023-wimbledon-2103","wimbledon",2023,"1:10:47",103,"Diane Parry","Harriet Dart",89,1,2,1,"W","CTL",8,2,34.076,29.984,1,0.990686051794639,"parry d.","dart h.",1518.94497447145,1500,4247
"2023-wimbledon-2103","wimbledon",2023,"1:11:22",104,"Diane Parry","Harriet Dart",90,1,2,1,"C","NCTL",2,2,7.807,9.121,1,1.00181735574739,"parry d.","dart h.",1518.94497447145,1500,4282
"2023-wimbledon-2103","wimbledon",2023,"1:11:47",105,"Diane Parry","Harriet Dart",74,2,2,1,"C","NCTL",2,2,12.314,8.62,0,0.823716492503408,"parry d.","dart h.",1518.94497447145,1500,4307
"2023-wimbledon-2103","wimbledon",2023,"1:12:38",106,"Diane Parry","Harriet Dart",92,1,1,1,"W","NCTL",7,3,17.831,22.216,1,0.956088992974239,"parry d.","dart h.",1518.94497447145,1500,4358
"2023-wimbledon-2103","wimbledon",2023,"1:13:03",107,"Diane Parry","Harriet Dart",97,1,1,2,"C","NCTL",4,3,13.932,14.069,0,1.00805035128806,"parry d.","dart h.",1518.94497447145,1500,4383
"2023-wimbledon-2103","wimbledon",2023,"1:13:29",108,"Diane Parry","Harriet Dart",103,1,1,2,"C","NCTL",2,3,7.433,6.41,0,1.07040398126464,"parry d.","dart h.",1518.94497447145,1500,4409
"2023-wimbledon-2103","wimbledon",2023,"1:13:58",109,"Diane Parry","Harriet Dart",81,2,1,2,"BW","NCTL",4,3,12.992,10.967,1,0.841774004683841,"parry d.","dart h.",1518.94497447145,1500,4438
"2023-wimbledon-2103","wimbledon",2023,"1:14:35",110,"Diane Parry","Harriet Dart",100,1,1,1,"C","NCTL",3,3,19.923,15.731,1,1.03922716627635,"parry d.","dart h.",1518.94497447145,1500,4475
"2023-wimbledon-2103","wimbledon",2023,"1:15:02",111,"Diane Parry","Harriet Dart",76,2,1,1,"W","CTL",1,3,5.434,5.181,0,0.789812646370023,"parry d.","dart h.",1518.94497447145,1500,4502
"2023-wimbledon-2103","wimbledon",2023,"1:15:33",112,"Diane Parry","Harriet Dart",80,2,1,1,"B","NCTL",5,3,18.684,20.255,0,0.831381733021077,"parry d.","dart h.",1518.94497447145,1500,4533
"2023-wimbledon-2103","wimbledon",2023,"1:16:16",113,"Diane Parry","Harriet Dart",92,1,1,1,"B","NCTL",7,3,23.552,23.382,1,0.956088992974239,"parry d.","dart h.",1518.94497447145,1500,4576
"2023-wimbledon-2103","wimbledon",2023,"1:18:29",114,"Diane Parry","Harriet Dart",84,1,2,1,"W","CTL",6,4,29.676,17.097,1,0.935029532030895,"parry d.","dart h.",1518.94497447145,1500,4709
"2023-wimbledon-2103","wimbledon",2023,"1:18:56",115,"Diane Parry","Harriet Dart",91,1,2,2,"B","CTL",3,4,15.909,22.26,0,1.01294865970014,"parry d.","dart h.",1518.94497447145,1500,4736
"2023-wimbledon-2103","wimbledon",2023,"1:19:24",116,"Diane Parry","Harriet Dart",92,1,2,1,"C","NCTL",2,4,8.73,10.323,1,1.02407996365289,"parry d.","dart h.",1518.94497447145,1500,4764
"2023-wimbledon-2103","wimbledon",2023,"1:19:53",117,"Diane Parry","Harriet Dart",76,2,2,2,"BC","NCTL",1,4,7.026,5.813,1,0.845979100408905,"parry d.","dart h.",1518.94497447145,1500,4793
"2023-wimbledon-2103","wimbledon",2023,"1:20:31",118,"Diane Parry","Harriet Dart",68,2,2,1,"C","NCTL",4,4,12.003,12.602,0,0.756928668786915,"parry d.","dart h.",1518.94497447145,1500,4831
"2023-wimbledon-2103","wimbledon",2023,"1:21:10",119,"Diane Parry","Harriet Dart",95,1,2,2,"C","NCTL",3,4,31.077,28.834,0,1.05747387551113,"parry d.","dart h.",1518.94497447145,1500,4870
"2023-wimbledon-2103","wimbledon",2023,"1:21:38",120,"Diane Parry","Harriet Dart",94,1,2,2,"","",5,4,0,0,0,1.04634257155838,"parry d.","dart h.",1518.94497447145,1500,4898
"2023-wimbledon-2103","wimbledon",2023,"1:22:56",122,"Diane Parry","Harriet Dart",69,2,2,1,"BC","NCTL",10,4,45.343,46.232,0,0.768059972739664,"parry d.","dart h.",1518.94497447145,1500,4976
"2023-wimbledon-2103","wimbledon",2023,"1:23:54",123,"Diane Parry","Harriet Dart",65,2,2,1,"B","CTL",2,4,12.491,10.069,0,0.723534756928669,"parry d.","dart h.",1518.94497447145,1500,5034
"2023-wimbledon-2103","wimbledon",2023,"1:24:42",124,"Diane Parry","Harriet Dart",76,2,1,1,"BC","NCTL",5,5,21.385,21.836,0,0.789812646370023,"parry d.","dart h.",1518.94497447145,1500,5082
"2023-wimbledon-2103","wimbledon",2023,"1:25:22",125,"Diane Parry","Harriet Dart",80,2,1,1,"BW","NCTL",1,5,5.373,4.495,0,0.831381733021077,"parry d.","dart h.",1518.94497447145,1500,5122
"2023-wimbledon-2103","wimbledon",2023,"1:25:50",126,"Diane Parry","Harriet Dart",95,1,1,2,"BC","CTL",2,5,2.907,2.601,0,0.987265807962529,"parry d.","dart h.",1518.94497447145,1500,5150
"2023-wimbledon-2103","wimbledon",2023,"1:26:06",127,"Diane Parry","Harriet Dart",97,1,1,2,"C","NCTL",6,5,24.302,22.818,0,1.00805035128806,"parry d.","dart h.",1518.94497447145,1500,5166
"2023-wimbledon-2103","wimbledon",2023,"1:26:57",128,"Diane Parry","Harriet Dart",100,1,1,1,"B","NCTL",1,5,3.088,2.47,1,1.03922716627635,"parry d.","dart h.",1518.94497447145,1500,5217
"2023-wimbledon-2103","wimbledon",2023,"1:27:51",130,"Diane Parry","Harriet Dart",89,1,1,1,"BW","NCTL",3,5,11.36,13.131,1,0.924912177985948,"parry d.","dart h.",1518.94497447145,1500,5271
"2023-wimbledon-2103","wimbledon",2023,"1:28:11",131,"Diane Parry","Harriet Dart",101,1,1,1,"C","NCTL",5,5,20.053,21.752,1,1.04961943793911,"parry d.","dart h.",1518.94497447145,1500,5291
"2023-wimbledon-2103","wimbledon",2023,"1:30:02",132,"Diane Parry","Harriet Dart",75,2,2,1,"C","NCTL",2,6,10.726,10.885,0,0.834847796456156,"parry d.","dart h.",1518.94497447145,1500,5402
"2023-wimbledon-2103","wimbledon",2023,"1:30:36",133,"Diane Parry","Harriet Dart",74,2,2,1,"BW","NCTL",4,6,10.998,16.68,0,0.823716492503408,"parry d.","dart h.",1518.94497447145,1500,5436
"2023-wimbledon-2103","wimbledon",2023,"1:31:13",134,"Diane Parry","Harriet Dart",75,2,2,1,"C","NCTL",6,6,23.123,23.059,0,0.834847796456156,"parry d.","dart h.",1518.94497447145,1500,5473
"2023-wimbledon-2103","wimbledon",2023,"1:31:51",135,"Diane Parry","Harriet Dart",86,2,2,1,"C","NCTL",2,6,6.746,6.786,0,0.957292139936393,"parry d.","dart h.",1518.94497447145,1500,5511
"2023-wimbledon-2103","wimbledon",2023,"1:39:02",136,"Diane Parry","Harriet Dart",92,1,1,2,"B","NCTL",2,1,8.516,8.529,0,0.956088992974239,"parry d.","dart h.",1518.94497447145,1500,5942
"2023-wimbledon-2103","wimbledon",2023,"1:39:22",137,"Diane Parry","Harriet Dart",95,1,1,1,"BC","CTL",9,1,34.328,33.306,1,0.987265807962529,"parry d.","dart h.",1518.94497447145,1500,5962
"2023-wimbledon-2103","wimbledon",2023,"1:39:58",138,"Diane Parry","Harriet Dart",91,1,1,2,"BW","NCTL",4,1,17.405,22.579,0,0.945696721311475,"parry d.","dart h.",1518.94497447145,1500,5998
"2023-wimbledon-2103","wimbledon",2023,"1:40:33",139,"Diane Parry","Harriet Dart",98,1,1,1,"W","NCTL",5,1,22.284,22.055,1,1.01844262295082,"parry d.","dart h.",1518.94497447145,1500,6033
"2023-wimbledon-2103","wimbledon",2023,"1:41:03",140,"Diane Parry","Harriet Dart",94,1,1,2,"W","CTL",8,1,33.411,35.903,0,0.976873536299766,"parry d.","dart h.",1518.94497447145,1500,6063
"2023-wimbledon-2103","wimbledon",2023,"1:41:41",141,"Diane Parry","Harriet Dart",84,2,1,2,"BW","NCTL",8,1,26.377,29.86,1,0.872950819672131,"parry d.","dart h.",1518.94497447145,1500,6101
"2023-wimbledon-2103","wimbledon",2023,"1:43:09",142,"Diane Parry","Harriet Dart",82,1,2,2,"W","CTL",5,2,24.722,24.991,0,0.912766924125398,"parry d.","dart h.",1518.94497447145,1500,6189
"2023-wimbledon-2103","wimbledon",2023,"1:43:36",143,"Diane Parry","Harriet Dart",83,1,2,1,"W","CTL",2,2,9.664,8.126,1,0.923898228078146,"parry d.","dart h.",1518.94497447145,1500,6216
"2023-wimbledon-2103","wimbledon",2023,"1:43:58",144,"Diane Parry","Harriet Dart",71,2,2,1,"B","NCTL",8,2,28.996,28.935,0,0.790322580645161,"parry d.","dart h.",1518.94497447145,1500,6238
"2023-wimbledon-2103","wimbledon",2023,"1:44:49",145,"Diane Parry","Harriet Dart",92,1,2,1,"BC","CTL",6,2,26.301,21,1,1.02407996365289,"parry d.","dart h.",1518.94497447145,1500,6289
"2023-wimbledon-2103","wimbledon",2023,"1:45:38",146,"Diane Parry","Harriet Dart",91,1,2,1,"C","NCTL",6,2,21.656,20.985,1,1.01294865970014,"parry d.","dart h.",1518.94497447145,1500,6338
"2023-wimbledon-2103","wimbledon",2023,"1:46:23",147,"Diane Parry","Harriet Dart",87,1,1,1,"W","NCTL",1,3,7.022,7.776,1,0.904127634660421,"parry d.","dart h.",1518.94497447145,1500,6383
"2023-wimbledon-2103","wimbledon",2023,"1:46:54",148,"Diane Parry","Harriet Dart",97,1,1,2,"C","NCTL",2,3,7.742,8.049,0,1.00805035128806,"parry d.","dart h.",1518.94497447145,1500,6414
"2023-wimbledon-2103","wimbledon",2023,"1:47:19",149,"Diane Parry","Harriet Dart",91,1,1,1,"B","NCTL",11,3,44.118,43.959,1,0.945696721311475,"parry d.","dart h.",1518.94497447145,1500,6439
"2023-wimbledon-2103","wimbledon",2023,"1:48:22",150,"Diane Parry","Harriet Dart",68,2,1,1,"BW","NCTL",7,3,24.642,25.368,0,0.706674473067916,"parry d.","dart h.",1518.94497447145,1500,6502
"2023-wimbledon-2103","wimbledon",2023,"1:49:06",151,"Diane Parry","Harriet Dart",74,2,1,2,"B","NCTL",2,3,10.259,6.492,1,0.769028103044496,"parry d.","dart h.",1518.94497447145,1500,6546
"2023-wimbledon-2103","wimbledon",2023,"1:50:24",153,"Diane Parry","Harriet Dart",100,1,1,1,"C","CTL",7,3,37.102,30.332,1,1.03922716627635,"parry d.","dart h.",1518.94497447145,1500,6624
"2023-wimbledon-2103","wimbledon",2023,"1:51:03",154,"Diane Parry","Harriet Dart",76,2,1,2,"B","NCTL",4,3,18.119,15.565,1,0.789812646370023,"parry d.","dart h.",1518.94497447145,1500,6663
"2023-wimbledon-2103","wimbledon",2023,"1:51:45",155,"Diane Parry","Harriet Dart",93,1,1,1,"BC","NCTL",3,3,12.225,9.409,1,0.966481264637002,"parry d.","dart h.",1518.94497447145,1500,6705
"2023-wimbledon-2103","wimbledon",2023,"1:52:25",156,"Diane Parry","Harriet Dart",90,1,1,1,"BW","NCTL",9,3,33.22,29.378,1,0.935304449648712,"parry d.","dart h.",1518.94497447145,1500,6745
"2023-wimbledon-2103","wimbledon",2023,"1:54:23",157,"Diane Parry","Harriet Dart",91,1,2,2,"W","NCTL",7,4,25.698,28.221,0,1.01294865970014,"parry d.","dart h.",1518.94497447145,1500,6863
"2023-wimbledon-2103","wimbledon",2023,"1:54:52",158,"Diane Parry","Harriet Dart",96,1,2,1,"BW","NCTL",4,4,19.868,13.69,1,1.06860517946388,"parry d.","dart h.",1518.94497447145,1500,6892
"2023-wimbledon-2103","wimbledon",2023,"1:55:21",159,"Diane Parry","Harriet Dart",68,2,2,1,"BC","CTL",8,4,33.974,42.078,0,0.756928668786915,"parry d.","dart h.",1518.94497447145,1500,6921
"2023-wimbledon-2103","wimbledon",2023,"1:56:17",160,"Diane Parry","Harriet Dart",68,2,2,1,"BW","NCTL",10,4,37.215,45.311,0,0.756928668786915,"parry d.","dart h.",1518.94497447145,1500,6977
"2023-wimbledon-2103","wimbledon",2023,"1:57:30",161,"Diane Parry","Harriet Dart",80,1,2,2,"W","NCTL",5,4,17.617,17.525,0,0.8905043162199,"parry d.","dart h.",1518.94497447145,1500,7050
"2023-wimbledon-2103","wimbledon",2023,"1:58:02",162,"Diane Parry","Harriet Dart",63,2,2,1,"BC","NCTL",4,4,17.567,16.217,0,0.701272149023171,"parry d.","dart h.",1518.94497447145,1500,7082
"2023-wimbledon-2103","wimbledon",2023,"1:58:49",163,"Diane Parry","Harriet Dart",92,1,1,2,"BC","CTL",8,5,26.213,23.504,0,0.956088992974239,"parry d.","dart h.",1518.94497447145,1500,7129
"2023-wimbledon-2103","wimbledon",2023,"1:59:20",164,"Diane Parry","Harriet Dart",94,1,1,2,"W","CTL",8,5,33.813,29.367,0,0.976873536299766,"parry d.","dart h.",1518.94497447145,1500,7160
"2023-wimbledon-2103","wimbledon",2023,"2:00:03",165,"Diane Parry","Harriet Dart",94,1,1,2,"W","CTL",4,5,16.094,19.041,0,0.976873536299766,"parry d.","dart h.",1518.94497447145,1500,7203
"2023-wimbledon-2103","wimbledon",2023,"2:00:31",166,"Diane Parry","Harriet Dart",96,1,1,2,"C","NCTL",4,5,18.739,19.471,0,0.997658079625293,"parry d.","dart h.",1518.94497447145,1500,7231
"2023-wimbledon-2103","wimbledon",2023,"2:02:10",167,"Diane Parry","Harriet Dart",86,1,2,2,"BC","NCTL",7,6,31.798,24.735,0,0.957292139936393,"parry d.","dart h.",1518.94497447145,1500,7330
"2023-wimbledon-2103","wimbledon",2023,"2:02:51",168,"Diane Parry","Harriet Dart",64,2,2,2,"W","CTL",1,6,5.408,4.789,1,0.71240345297592,"parry d.","dart h.",1518.94497447145,1500,7371
"2023-wimbledon-2103","wimbledon",2023,"2:03:24",169,"Diane Parry","Harriet Dart",83,1,2,2,"W","CTL",1,6,1.243,1.23,0,0.923898228078146,"parry d.","dart h.",1518.94497447145,1500,7404
"2023-wimbledon-2103","wimbledon",2023,"2:03:53",170,"Diane Parry","Harriet Dart",67,2,2,1,"B","NCTL",4,6,13.244,17.482,0,0.745797364834166,"parry d.","dart h.",1518.94497447145,1500,7433
"2023-wimbledon-2103","wimbledon",2023,"2:04:29",171,"Diane Parry","Harriet Dart",89,1,2,2,"W","CTL",5,6,28.799,17.202,0,0.990686051794639,"parry d.","dart h.",1518.94497447145,1500,7469
"2023-wimbledon-2103","wimbledon",2023,"2:05:37",172,"Diane Parry","Harriet Dart",91,1,1,1,"W","CTL",1,7,1.168,0.994,1,0.945696721311475,"parry d.","dart h.",1518.94497447145,1500,7537
"2023-wimbledon-2103","wimbledon",2023,"2:05:52",173,"Diane Parry","Harriet Dart",96,1,1,1,"C","NCTL",5,7,20.258,12.828,1,0.997658079625293,"parry d.","dart h.",1518.94497447145,1500,7552
"2023-wimbledon-2103","wimbledon",2023,"2:06:27",174,"Diane Parry","Harriet Dart",73,2,1,1,"BC","NCTL",7,7,20.704,17.266,0,0.758635831381733,"parry d.","dart h.",1518.94497447145,1500,7587
"2023-wimbledon-2103","wimbledon",2023,"2:07:08",175,"Diane Parry","Harriet Dart",101,1,1,1,"BC","NCTL",3,7,13.912,9.676,1,1.04961943793911,"parry d.","dart h.",1518.94497447145,1500,7628
"2023-wimbledon-2103","wimbledon",2023,"2:09:08",176,"Diane Parry","Harriet Dart",80,1,2,2,"W","CTL",13,8,45.221,43.638,0,0.8905043162199,"parry d.","dart h.",1518.94497447145,1500,7748
"2023-wimbledon-2103","wimbledon",2023,"2:09:50",177,"Diane Parry","Harriet Dart",87,1,2,2,"W","CTL",3,8,8.329,9.809,0,0.968423443889141,"parry d.","dart h.",1518.94497447145,1500,7790
"2023-wimbledon-2103","wimbledon",2023,"2:10:16",178,"Diane Parry","Harriet Dart",67,2,2,2,"BC","CTL",1,8,3.728,2.714,1,0.745797364834166,"parry d.","dart h.",1518.94497447145,1500,7816
"2023-wimbledon-2103","wimbledon",2023,"2:10:46",179,"Diane Parry","Harriet Dart",98,1,2,2,"C","CTL",1,8,0.677,0.871,0,1.09086778736938,"parry d.","dart h.",1518.94497447145,1500,7846
"2023-wimbledon-2103","wimbledon",2023,"2:11:18",180,"Diane Parry","Harriet Dart",95,1,1,1,"BW","NCTL",3,9,14.935,12.483,1,0.987265807962529,"parry d.","dart h.",1518.94497447145,1500,7878
"2023-wimbledon-2103","wimbledon",2023,"2:11:40",181,"Diane Parry","Harriet Dart",94,1,1,2,"BC","NCTL",2,9,7.527,9.054,0,0.976873536299766,"parry d.","dart h.",1518.94497447145,1500,7900
"2023-wimbledon-2103","wimbledon",2023,"2:12:07",182,"Diane Parry","Harriet Dart",93,1,1,1,"B","NCTL",1,9,3.772,3.188,1,0.966481264637002,"parry d.","dart h.",1518.94497447145,1500,7927
"2023-wimbledon-2103","wimbledon",2023,"2:12:28",183,"Diane Parry","Harriet Dart",97,1,1,1,"W","CTL",1,9,0.877,0.881,1,1.00805035128806,"parry d.","dart h.",1518.94497447145,1500,7948
"2023-wimbledon-2103","wimbledon",2023,"2:13:03",184,"Diane Parry","Harriet Dart",86,1,1,1,"W","CTL",3,9,10.257,11.627,1,0.893735362997658,"parry d.","dart h.",1518.94497447145,1500,7983
"2023-wimbledon-2103","wimbledon",2023,"2:14:37",185,"Diane Parry","Harriet Dart",65,2,2,1,"BC","NCTL",10,10,36.32,33.172,0,0.723534756928669,"parry d.","dart h.",1518.94497447145,1500,8077
"2023-wimbledon-2103","wimbledon",2023,"2:15:33",186,"Diane Parry","Harriet Dart",87,1,2,1,"C","NCTL",2,10,10.566,11.089,1,0.968423443889141,"parry d.","dart h.",1518.94497447145,1500,8133
"2023-wimbledon-2103","wimbledon",2023,"2:16:02",187,"Diane Parry","Harriet Dart",69,2,2,2,"BC","NCTL",5,10,19.433,13.432,1,0.768059972739664,"parry d.","dart h.",1518.94497447145,1500,8162
"2023-wimbledon-2103","wimbledon",2023,"2:16:43",188,"Diane Parry","Harriet Dart",87,1,2,1,"BC","NCTL",4,10,32.905,16.398,1,0.968423443889141,"parry d.","dart h.",1518.94497447145,1500,8203
"2023-wimbledon-2103","wimbledon",2023,"2:17:24",189,"Diane Parry","Harriet Dart",89,1,2,2,"W","CTL",1,10,10.736,10.588,0,0.990686051794639,"parry d.","dart h.",1518.94497447145,1500,8244
"2023-wimbledon-2103","wimbledon",2023,"2:17:58",190,"Diane Parry","Harriet Dart",76,1,2,1,"BW","NCTL",14,10,56.307,46.062,1,0.845979100408905,"parry d.","dart h.",1518.94497447145,1500,8278
"2023-wimbledon-2109","wimbledon",2023,"0:00:00",1,"Daria Kasatkina","Caroline Dolehide",86,2,2,2,"BW","NCTL",3,1,17.734,18.603,1,0.795626576955425,"kasatkina d.","dolehide c.",1546.3036200881,1500,0
"2023-wimbledon-2109","wimbledon",2023,"0:00:31",2,"Daria Kasatkina","Caroline Dolehide",84,2,2,1,"B","NCTL",8,1,27.554,27.395,0,0.777123633305299,"kasatkina d.","dolehide c.",1546.3036200881,1500,31
"2023-wimbledon-2109","wimbledon",2023,"0:01:36",3,"Daria Kasatkina","Caroline Dolehide",105,1,2,2,"B","NCTL",3,1,7.375,6.688,0,0.971404541631623,"kasatkina d.","dolehide c.",1546.3036200881,1500,96
"2023-wimbledon-2109","wimbledon",2023,"0:02:07",4,"Daria Kasatkina","Caroline Dolehide",107,1,2,1,"B","CTL",10,1,30.325,38.462,1,0.989907485281749,"kasatkina d.","dolehide c.",1546.3036200881,1500,127
"2023-wimbledon-2109","wimbledon",2023,"0:02:43",5,"Daria Kasatkina","Caroline Dolehide",86,2,2,1,"B","NCTL",12,1,44.55,52.391,0,0.795626576955425,"kasatkina d.","dolehide c.",1546.3036200881,1500,163
"2023-wimbledon-2109","wimbledon",2023,"0:03:41",6,"Daria Kasatkina","Caroline Dolehide",92,2,2,2,"B","NCTL",1,1,3.022,3.372,1,0.851135407905803,"kasatkina d.","dolehide c.",1546.3036200881,1500,221
"2023-wimbledon-2109","wimbledon",2023,"0:04:16",7,"Daria Kasatkina","Caroline Dolehide",91,2,2,2,"B","NCTL",3,1,7.608,8.143,1,0.84188393608074,"kasatkina d.","dolehide c.",1546.3036200881,1500,256
"2023-wimbledon-2109","wimbledon",2023,"0:04:54",8,"Daria Kasatkina","Caroline Dolehide",110,1,2,1,"BC","NCTL",12,1,37.762,60.943,1,1.01766190075694,"kasatkina d.","dolehide c.",1546.3036200881,1500,294
"2023-wimbledon-2109","wimbledon",2023,"0:05:42",9,"Daria Kasatkina","Caroline Dolehide",117,1,2,1,"BC","NCTL",2,1,6.133,5.486,1,1.08242220353238,"kasatkina d.","dolehide c.",1546.3036200881,1500,342
"2023-wimbledon-2109","wimbledon",2023,"0:06:04",10,"Daria Kasatkina","Caroline Dolehide",97,1,2,1,"B","NCTL",2,1,7.063,8.323,1,0.897392767031119,"kasatkina d.","dolehide c.",1546.3036200881,1500,364
"2023-wimbledon-2109","wimbledon",2023,"0:07:03",11,"Daria Kasatkina","Caroline Dolehide",70,1,1,1,"BW","NCTL",1,2,1.076,1.427,1,0.909090909090909,"kasatkina d.","dolehide c.",1546.3036200881,1500,423
"2023-wimbledon-2109","wimbledon",2023,"0:07:19",12,"Daria Kasatkina","Caroline Dolehide",87,1,1,2,"BW","NCTL",6,2,23.05,19.017,0,1.12987012987013,"kasatkina d.","dolehide c.",1546.3036200881,1500,439
"2023-wimbledon-2109","wimbledon",2023,"0:08:18",14,"Daria Kasatkina","Caroline Dolehide",80,1,1,1,"W","CTL",3,2,12.534,10.546,1,1.03896103896104,"kasatkina d.","dolehide c.",1546.3036200881,1500,498
"2023-wimbledon-2109","wimbledon",2023,"0:08:42",15,"Daria Kasatkina","Caroline Dolehide",92,1,1,1,"W","CTL",3,2,8.976,10.926,1,1.19480519480519,"kasatkina d.","dolehide c.",1546.3036200881,1500,522
"2023-wimbledon-2109","wimbledon",2023,"0:09:08",16,"Daria Kasatkina","Caroline Dolehide",88,1,1,1,"C","NCTL",7,2,19.692,20.732,1,1.14285714285714,"kasatkina d.","dolehide c.",1546.3036200881,1500,548
"2023-wimbledon-2109","wimbledon",2023,"0:09:53",17,"Daria Kasatkina","Caroline Dolehide",97,2,2,1,"B","NCTL",6,3,32.84,39.131,0,0.897392767031119,"kasatkina d.","dolehide c.",1546.3036200881,1500,593
"2023-wimbledon-2109","wimbledon",2023,"0:10:35",18,"Daria Kasatkina","Caroline Dolehide",91,2,2,1,"BW","NCTL",2,3,8.367,7.654,0,0.84188393608074,"kasatkina d.","dolehide c.",1546.3036200881,1500,635
"2023-wimbledon-2109","wimbledon",2023,"0:11:12",19,"Daria Kasatkina","Caroline Dolehide",96,2,2,1,"B","NCTL",2,3,10.918,6.811,0,0.888141295206055,"kasatkina d.","dolehide c.",1546.3036200881,1500,672
"2023-wimbledon-2109","wimbledon",2023,"0:11:56",20,"Daria Kasatkina","Caroline Dolehide",102,2,2,2,"BC","CTL",5,3,20.117,26.89,1,0.943650126156434,"kasatkina d.","dolehide c.",1546.3036200881,1500,716
"2023-wimbledon-2109","wimbledon",2023,"0:12:33",21,"Daria Kasatkina","Caroline Dolehide",109,1,2,2,"B","NCTL",3,3,10.666,12.251,0,1.00841042893188,"kasatkina d.","dolehide c.",1546.3036200881,1500,753
"2023-wimbledon-2109","wimbledon",2023,"0:12:55",22,"Daria Kasatkina","Caroline Dolehide",113,1,2,2,"C","CTL",1,3,6.395,5.414,0,1.04541631623213,"kasatkina d.","dolehide c.",1546.3036200881,1500,775
"2023-wimbledon-2109","wimbledon",2023,"0:13:13",23,"Daria Kasatkina","Caroline Dolehide",115,1,2,2,"C","NCTL",5,3,18.886,29.424,0,1.06391925988225,"kasatkina d.","dolehide c.",1546.3036200881,1500,793
"2023-wimbledon-2109","wimbledon",2023,"0:13:40",24,"Daria Kasatkina","Caroline Dolehide",84,2,2,2,"BW","NCTL",1,3,5.931,5.647,1,0.777123633305299,"kasatkina d.","dolehide c.",1546.3036200881,1500,820
"2023-wimbledon-2109","wimbledon",2023,"0:15:17",25,"Daria Kasatkina","Caroline Dolehide",67,2,1,1,"C","CTL",1,4,5.32,5.342,0,0.87012987012987,"kasatkina d.","dolehide c.",1546.3036200881,1500,917
"2023-wimbledon-2109","wimbledon",2023,"0:15:47",26,"Daria Kasatkina","Caroline Dolehide",66,2,1,2,"B","NCTL",2,4,8.262,8.105,1,0.857142857142857,"kasatkina d.","dolehide c.",1546.3036200881,1500,947
"2023-wimbledon-2109","wimbledon",2023,"0:16:19",27,"Daria Kasatkina","Caroline Dolehide",75,1,1,2,"BC","NCTL",14,4,36.102,46.412,0,0.974025974025974,"kasatkina d.","dolehide c.",1546.3036200881,1500,979
"2023-wimbledon-2109","wimbledon",2023,"0:17:10",28,"Daria Kasatkina","Caroline Dolehide",71,2,1,2,"BW","CTL",2,4,4.155,4.829,1,0.922077922077922,"kasatkina d.","dolehide c.",1546.3036200881,1500,1030
"2023-wimbledon-2109","wimbledon",2023,"0:17:47",29,"Daria Kasatkina","Caroline Dolehide",90,1,1,1,"C","NCTL",7,4,18.786,22.322,1,1.16883116883117,"kasatkina d.","dolehide c.",1546.3036200881,1500,1067
"2023-wimbledon-2109","wimbledon",2023,"0:18:12",30,"Daria Kasatkina","Caroline Dolehide",64,2,1,1,"BW","NCTL",3,4,9.624,24.838,0,0.831168831168831,"kasatkina d.","dolehide c.",1546.3036200881,1500,1092
"2023-wimbledon-2109","wimbledon",2023,"0:18:47",31,"Daria Kasatkina","Caroline Dolehide",83,1,1,1,"BW","NCTL",1,4,9.904,14.683,1,1.07792207792208,"kasatkina d.","dolehide c.",1546.3036200881,1500,1127
"2023-wimbledon-2109","wimbledon",2023,"0:19:08",32,"Daria Kasatkina","Caroline Dolehide",88,1,1,2,"W","NCTL",4,4,13.278,12.082,0,1.14285714285714,"kasatkina d.","dolehide c.",1546.3036200881,1500,1148
"2023-wimbledon-2109","wimbledon",2023,"0:20:04",34,"Daria Kasatkina","Caroline Dolehide",83,1,1,1,"B","CTL",7,4,24.883,30.257,1,1.07792207792208,"kasatkina d.","dolehide c.",1546.3036200881,1500,1204
"2023-wimbledon-2109","wimbledon",2023,"0:21:10",36,"Daria Kasatkina","Caroline Dolehide",85,1,1,1,"BC","NCTL",3,4,9.21,11.146,1,1.1038961038961,"kasatkina d.","dolehide c.",1546.3036200881,1500,1270
"2023-wimbledon-2109","wimbledon",2023,"0:22:31",39,"Daria Kasatkina","Caroline Dolehide",61,1,1,1,"B","NCTL",7,4,35.026,40.785,1,0.792207792207792,"kasatkina d.","dolehide c.",1546.3036200881,1500,1351
"2023-wimbledon-2109","wimbledon",2023,"0:23:03",40,"Daria Kasatkina","Caroline Dolehide",72,1,1,1,"W","CTL",1,4,4.393,6.148,1,0.935064935064935,"kasatkina d.","dolehide c.",1546.3036200881,1500,1383
"2023-wimbledon-2109","wimbledon",2023,"0:23:35",41,"Daria Kasatkina","Caroline Dolehide",117,1,2,1,"BC","NCTL",4,5,21.486,14.974,1,1.08242220353238,"kasatkina d.","dolehide c.",1546.3036200881,1500,1415
"2023-wimbledon-2109","wimbledon",2023,"0:23:59",42,"Daria Kasatkina","Caroline Dolehide",112,1,2,2,"C","CTL",1,5,0.556,1.155,0,1.03616484440706,"kasatkina d.","dolehide c.",1546.3036200881,1500,1439
"2023-wimbledon-2109","wimbledon",2023,"0:24:18",43,"Daria Kasatkina","Caroline Dolehide",113,1,2,1,"BC","NCTL",4,5,12.326,15.062,1,1.04541631623213,"kasatkina d.","dolehide c.",1546.3036200881,1500,1458
"2023-wimbledon-2109","wimbledon",2023,"0:25:03",44,"Daria Kasatkina","Caroline Dolehide",99,1,2,1,"W","NCTL",6,5,23.141,23.32,1,0.915895710681245,"kasatkina d.","dolehide c.",1546.3036200881,1500,1503
"2023-wimbledon-2109","wimbledon",2023,"0:25:41",45,"Daria Kasatkina","Caroline Dolehide",108,1,2,1,"BW","NCTL",6,5,30.51,26.521,1,0.999158957106812,"kasatkina d.","dolehide c.",1546.3036200881,1500,1541
"2023-wimbledon-2109","wimbledon",2023,"0:32:36",47,"Daria Kasatkina","Caroline Dolehide",76,1,1,2,"W","CTL",14,6,41.14,60.615,0,0.987012987012987,"kasatkina d.","dolehide c.",1546.3036200881,1500,1956
"2023-wimbledon-2109","wimbledon",2023,"0:33:57",49,"Daria Kasatkina","Caroline Dolehide",67,1,1,2,"B","NCTL",12,6,43.45,43.49,0,0.87012987012987,"kasatkina d.","dolehide c.",1546.3036200881,1500,2037
"2023-wimbledon-2109","wimbledon",2023,"0:34:36",50,"Daria Kasatkina","Caroline Dolehide",69,1,1,1,"BC","NCTL",3,6,11.717,11.719,1,0.896103896103896,"kasatkina d.","dolehide c.",1546.3036200881,1500,2076
"2023-wimbledon-2109","wimbledon",2023,"0:34:56",51,"Daria Kasatkina","Caroline Dolehide",75,1,1,1,"BW","NCTL",7,6,25.997,26.035,1,0.974025974025974,"kasatkina d.","dolehide c.",1546.3036200881,1500,2096
"2023-wimbledon-2109","wimbledon",2023,"0:35:26",52,"Daria Kasatkina","Caroline Dolehide",71,1,1,1,"BC","NCTL",5,6,22.813,17.828,1,0.922077922077922,"kasatkina d.","dolehide c.",1546.3036200881,1500,2126
"2023-wimbledon-2109","wimbledon",2023,"0:35:54",53,"Daria Kasatkina","Caroline Dolehide",80,1,1,2,"B","NCTL",6,6,20.951,21.106,0,1.03896103896104,"kasatkina d.","dolehide c.",1546.3036200881,1500,2154
"2023-wimbledon-2109","wimbledon",2023,"0:37:28",56,"Daria Kasatkina","Caroline Dolehide",69,1,1,1,"BC","NCTL",7,6,34.388,23.911,1,0.896103896103896,"kasatkina d.","dolehide c.",1546.3036200881,1500,2248
"2023-wimbledon-2109","wimbledon",2023,"0:37:56",57,"Daria Kasatkina","Caroline Dolehide",76,1,1,1,"W","NCTL",1,6,5.282,5.088,1,0.987012987012987,"kasatkina d.","dolehide c.",1546.3036200881,1500,2276
"2023-wimbledon-2109","wimbledon",2023,"0:39:05",59,"Daria Kasatkina","Caroline Dolehide",91,2,2,2,"BW","NCTL",3,7,12.383,8.458,1,0.84188393608074,"kasatkina d.","dolehide c.",1546.3036200881,1500,2345
"2023-wimbledon-2109","wimbledon",2023,"0:39:40",60,"Daria Kasatkina","Caroline Dolehide",112,1,2,1,"BC","NCTL",8,7,31.387,32.159,1,1.03616484440706,"kasatkina d.","dolehide c.",1546.3036200881,1500,2380
"2023-wimbledon-2109","wimbledon",2023,"0:40:16",61,"Daria Kasatkina","Caroline Dolehide",106,1,2,1,"B","CTL",2,7,6.788,8.09,1,0.980656013456686,"kasatkina d.","dolehide c.",1546.3036200881,1500,2416
"2023-wimbledon-2109","wimbledon",2023,"0:40:41",62,"Daria Kasatkina","Caroline Dolehide",111,1,2,1,"C","NCTL",6,7,18.97,28.174,1,1.026913372582,"kasatkina d.","dolehide c.",1546.3036200881,1500,2441
"2023-wimbledon-2109","wimbledon",2023,"0:44:32",64,"Daria Kasatkina","Caroline Dolehide",67,1,1,1,"BW","NCTL",3,1,7.906,11.264,1,0.87012987012987,"kasatkina d.","dolehide c.",1546.3036200881,1500,2672
"2023-wimbledon-2109","wimbledon",2023,"0:45:28",66,"Daria Kasatkina","Caroline Dolehide",69,1,1,2,"W","NCTL",4,1,14.318,19.942,0,0.896103896103896,"kasatkina d.","dolehide c.",1546.3036200881,1500,2728
"2023-wimbledon-2109","wimbledon",2023,"0:47:02",68,"Daria Kasatkina","Caroline Dolehide",102,1,2,1,"BW","CTL",2,2,11.138,5.367,1,0.943650126156434,"kasatkina d.","dolehide c.",1546.3036200881,1500,2822
"2023-wimbledon-2109","wimbledon",2023,"0:47:16",69,"Daria Kasatkina","Caroline Dolehide",90,2,2,2,"BC","NCTL",1,2,4.485,8.89,1,0.832632464255677,"kasatkina d.","dolehide c.",1546.3036200881,1500,2836
"2023-wimbledon-2109","wimbledon",2023,"0:47:47",70,"Daria Kasatkina","Caroline Dolehide",84,2,2,2,"BC","NCTL",3,2,7.72,10.435,1,0.777123633305299,"kasatkina d.","dolehide c.",1546.3036200881,1500,2867
"2023-wimbledon-2109","wimbledon",2023,"0:48:56",72,"Daria Kasatkina","Caroline Dolehide",112,1,2,2,"BC","NCTL",13,2,48.806,62.781,0,1.03616484440706,"kasatkina d.","dolehide c.",1546.3036200881,1500,2936
"2023-wimbledon-2109","wimbledon",2023,"0:49:34",73,"Daria Kasatkina","Caroline Dolehide",88,2,2,2,"B","NCTL",9,2,32.956,47.477,1,0.814129520605551,"kasatkina d.","dolehide c.",1546.3036200881,1500,2974
"2023-wimbledon-2109","wimbledon",2023,"0:50:37",74,"Daria Kasatkina","Caroline Dolehide",71,1,1,1,"C","NCTL",9,3,25.576,26.642,1,0.922077922077922,"kasatkina d.","dolehide c.",1546.3036200881,1500,3037
"2023-wimbledon-2109","wimbledon",2023,"0:51:09",75,"Daria Kasatkina","Caroline Dolehide",76,1,1,1,"BW","NCTL",5,3,16.148,15.475,1,0.987012987012987,"kasatkina d.","dolehide c.",1546.3036200881,1500,3069
"2023-wimbledon-2109","wimbledon",2023,"0:51:33",76,"Daria Kasatkina","Caroline Dolehide",80,1,1,1,"B","NCTL",3,3,11.158,13.709,1,1.03896103896104,"kasatkina d.","dolehide c.",1546.3036200881,1500,3093
"2023-wimbledon-2109","wimbledon",2023,"0:51:55",77,"Daria Kasatkina","Caroline Dolehide",87,1,1,2,"B","NCTL",2,3,6.545,9.075,0,1.12987012987013,"kasatkina d.","dolehide c.",1546.3036200881,1500,3115
"2023-wimbledon-2109","wimbledon",2023,"0:52:16",78,"Daria Kasatkina","Caroline Dolehide",80,1,1,2,"BC","NCTL",2,3,7.058,6.884,0,1.03896103896104,"kasatkina d.","dolehide c.",1546.3036200881,1500,3136
"2023-wimbledon-2109","wimbledon",2023,"0:52:40",79,"Daria Kasatkina","Caroline Dolehide",72,1,1,1,"B","NCTL",11,3,32.759,43.403,1,0.935064935064935,"kasatkina d.","dolehide c.",1546.3036200881,1500,3160
"2023-wimbledon-2109","wimbledon",2023,"0:54:18",80,"Daria Kasatkina","Caroline Dolehide",89,2,2,2,"BC","CTL",13,4,36.368,77.845,1,0.823380992430614,"kasatkina d.","dolehide c.",1546.3036200881,1500,3258
"2023-wimbledon-2109","wimbledon",2023,"0:55:15",81,"Daria Kasatkina","Caroline Dolehide",97,1,2,2,"W","NCTL",5,4,19.156,21.107,0,0.897392767031119,"kasatkina d.","dolehide c.",1546.3036200881,1500,3315
"2023-wimbledon-2109","wimbledon",2023,"0:55:43",82,"Daria Kasatkina","Caroline Dolehide",105,1,2,2,"BW","NCTL",5,4,18.984,38.263,0,0.971404541631623,"kasatkina d.","dolehide c.",1546.3036200881,1500,3343
"2023-wimbledon-2109","wimbledon",2023,"0:56:10",83,"Daria Kasatkina","Caroline Dolehide",116,1,2,1,"B","NCTL",8,4,32.309,49.028,1,1.07317073170732,"kasatkina d.","dolehide c.",1546.3036200881,1500,3370
"2023-wimbledon-2109","wimbledon",2023,"0:56:49",84,"Daria Kasatkina","Caroline Dolehide",89,2,2,2,"B","NCTL",3,4,6.623,6.787,1,0.823380992430614,"kasatkina d.","dolehide c.",1546.3036200881,1500,3409
"2023-wimbledon-2109","wimbledon",2023,"0:57:27",85,"Daria Kasatkina","Caroline Dolehide",79,1,1,2,"BC","NCTL",10,5,29.959,37.237,0,1.02597402597403,"kasatkina d.","dolehide c.",1546.3036200881,1500,3447
"2023-wimbledon-2109","wimbledon",2023,"0:57:57",86,"Daria Kasatkina","Caroline Dolehide",80,1,1,1,"BW","NCTL",1,5,6.741,10.675,1,1.03896103896104,"kasatkina d.","dolehide c.",1546.3036200881,1500,3477
"2023-wimbledon-2109","wimbledon",2023,"0:58:43",88,"Daria Kasatkina","Caroline Dolehide",88,1,1,1,"BW","NCTL",1,5,6.7,9.598,1,1.14285714285714,"kasatkina d.","dolehide c.",1546.3036200881,1500,3523
"2023-wimbledon-2109","wimbledon",2023,"0:59:27",89,"Daria Kasatkina","Caroline Dolehide",88,1,1,1,"BW","NCTL",3,5,7.119,10.585,1,1.14285714285714,"kasatkina d.","dolehide c.",1546.3036200881,1500,3567
"2023-wimbledon-2109","wimbledon",2023,"1:00:59",90,"Daria Kasatkina","Caroline Dolehide",110,1,2,2,"BW","NCTL",3,6,8.743,10.169,0,1.01766190075694,"kasatkina d.","dolehide c.",1546.3036200881,1500,3659
"2023-wimbledon-2109","wimbledon",2023,"1:01:26",91,"Daria Kasatkina","Caroline Dolehide",84,2,2,2,"B","NCTL",5,6,16.889,14.134,1,0.777123633305299,"kasatkina d.","dolehide c.",1546.3036200881,1500,3686
"2023-wimbledon-2109","wimbledon",2023,"1:02:13",92,"Daria Kasatkina","Caroline Dolehide",111,1,2,1,"BW","NCTL",2,6,9.609,6.341,1,1.026913372582,"kasatkina d.","dolehide c.",1546.3036200881,1500,3733
"2023-wimbledon-2109","wimbledon",2023,"1:02:45",93,"Daria Kasatkina","Caroline Dolehide",94,1,2,2,"W","CTL",1,6,6.092,4.745,0,0.869638351555929,"kasatkina d.","dolehide c.",1546.3036200881,1500,3765
"2023-wimbledon-2109","wimbledon",2023,"1:03:06",94,"Daria Kasatkina","Caroline Dolehide",111,1,2,2,"W","NCTL",5,6,20.71,28.417,0,1.026913372582,"kasatkina d.","dolehide c.",1546.3036200881,1500,3786
"2023-wimbledon-2109","wimbledon",2023,"1:03:55",96,"Daria Kasatkina","Caroline Dolehide",84,1,1,1,"W","CTL",1,7,3.968,4.147,1,1.09090909090909,"kasatkina d.","dolehide c.",1546.3036200881,1500,3835
"2023-wimbledon-2109","wimbledon",2023,"1:04:14",97,"Daria Kasatkina","Caroline Dolehide",80,1,1,1,"W","CTL",1,7,3.895,4.617,1,1.03896103896104,"kasatkina d.","dolehide c.",1546.3036200881,1500,3854
"2023-wimbledon-2109","wimbledon",2023,"1:04:30",98,"Daria Kasatkina","Caroline Dolehide",88,1,1,2,"C","NCTL",4,7,14.772,14.079,0,1.14285714285714,"kasatkina d.","dolehide c.",1546.3036200881,1500,3870
"2023-wimbledon-2109","wimbledon",2023,"1:04:55",99,"Daria Kasatkina","Caroline Dolehide",61,2,1,1,"B","NCTL",7,7,34.842,30.461,0,0.792207792207792,"kasatkina d.","dolehide c.",1546.3036200881,1500,3895
"2023-wimbledon-2109","wimbledon",2023,"1:06:43",100,"Daria Kasatkina","Caroline Dolehide",89,2,2,1,"B","NCTL",10,8,28.455,32.974,0,0.823380992430614,"kasatkina d.","dolehide c.",1546.3036200881,1500,4003
"2023-wimbledon-2109","wimbledon",2023,"1:07:31",101,"Daria Kasatkina","Caroline Dolehide",97,1,2,2,"W","CTL",3,8,7.45,7.714,0,0.897392767031119,"kasatkina d.","dolehide c.",1546.3036200881,1500,4051
"2023-wimbledon-2109","wimbledon",2023,"1:07:57",102,"Daria Kasatkina","Caroline Dolehide",108,1,2,2,"W","CTL",1,8,0.524,0.555,0,0.999158957106812,"kasatkina d.","dolehide c.",1546.3036200881,1500,4077
"2023-wimbledon-2109","wimbledon",2023,"1:08:29",103,"Daria Kasatkina","Caroline Dolehide",110,1,2,1,"C","NCTL",4,8,12.992,21.447,1,1.01766190075694,"kasatkina d.","dolehide c.",1546.3036200881,1500,4109
"2023-wimbledon-2109","wimbledon",2023,"1:09:05",104,"Daria Kasatkina","Caroline Dolehide",101,1,2,1,"W","NCTL",4,8,16.935,23.65,1,0.934398654331371,"kasatkina d.","dolehide c.",1546.3036200881,1500,4145
"2023-wimbledon-2109","wimbledon",2023,"1:09:33",105,"Daria Kasatkina","Caroline Dolehide",86,2,2,1,"BC","NCTL",2,8,9.113,13.093,0,0.795626576955425,"kasatkina d.","dolehide c.",1546.3036200881,1500,4173
"2023-wimbledon-2109","wimbledon",2023,"1:10:16",106,"Daria Kasatkina","Caroline Dolehide",66,1,1,2,"BC","NCTL",6,9,17.072,22.223,0,0.857142857142857,"kasatkina d.","dolehide c.",1546.3036200881,1500,4216
"2023-wimbledon-2109","wimbledon",2023,"1:10:41",107,"Daria Kasatkina","Caroline Dolehide",73,1,1,1,"W","NCTL",1,9,3.999,8.568,1,0.948051948051948,"kasatkina d.","dolehide c.",1546.3036200881,1500,4241
"2023-wimbledon-2109","wimbledon",2023,"1:11:01",108,"Daria Kasatkina","Caroline Dolehide",69,1,1,1,"B","CTL",5,9,17.408,16.098,1,0.896103896103896,"kasatkina d.","dolehide c.",1546.3036200881,1500,4261
"2023-wimbledon-2109","wimbledon",2023,"1:11:33",109,"Daria Kasatkina","Caroline Dolehide",63,1,1,2,"BW","NCTL",8,9,29.162,49.564,0,0.818181818181818,"kasatkina d.","dolehide c.",1546.3036200881,1500,4293
"2023-wimbledon-2109","wimbledon",2023,"1:12:08",110,"Daria Kasatkina","Caroline Dolehide",61,1,1,1,"B","NCTL",7,9,25.064,25.78,1,0.792207792207792,"kasatkina d.","dolehide c.",1546.3036200881,1500,4328
"2023-wimbledon-2109","wimbledon",2023,"1:12:39",111,"Daria Kasatkina","Caroline Dolehide",76,1,1,1,"BC","CTL",3,9,10.437,11.951,1,0.987012987012987,"kasatkina d.","dolehide c.",1546.3036200881,1500,4359
"2023-wimbledon-2109","wimbledon",2023,"1:14:17",112,"Daria Kasatkina","Caroline Dolehide",110,1,2,1,"W","CTL",4,10,23.266,13.635,1,1.01766190075694,"kasatkina d.","dolehide c.",1546.3036200881,1500,4457
"2023-wimbledon-2109","wimbledon",2023,"1:14:39",113,"Daria Kasatkina","Caroline Dolehide",112,1,2,1,"C","NCTL",2,10,8.221,7.794,1,1.03616484440706,"kasatkina d.","dolehide c.",1546.3036200881,1500,4479
"2023-wimbledon-2109","wimbledon",2023,"1:15:00",114,"Daria Kasatkina","Caroline Dolehide",109,1,2,1,"BW","NCTL",2,10,9.396,10.975,1,1.00841042893188,"kasatkina d.","dolehide c.",1546.3036200881,1500,4500
"2023-wimbledon-2109","wimbledon",2023,"1:15:24",115,"Daria Kasatkina","Caroline Dolehide",111,1,2,1,"BC","NCTL",8,10,40.412,46.425,1,1.026913372582,"kasatkina d.","dolehide c.",1546.3036200881,1500,4524
"2023-wimbledon-2110","wimbledon",2023,"0:00:00",1,"Jodie Burrage","Caty McNally",89,2,2,2,"B","NCTL",5,1,18.538,29.815,1,0.942694187941336,"burrage j.","mcnally c.",1522.891844153,1500,0
"2023-wimbledon-2110","wimbledon",2023,"0:01:08",3,"Jodie Burrage","Caty McNally",94,1,2,1,"BC","NCTL",2,1,8.379,9.582,1,0.99565453557849,"burrage j.","mcnally c.",1522.891844153,1500,68
"2023-wimbledon-2110","wimbledon",2023,"0:01:37",4,"Jodie Burrage","Caty McNally",94,1,2,1,"C","NCTL",2,1,7.236,8.902,1,0.99565453557849,"burrage j.","mcnally c.",1522.891844153,1500,97
"2023-wimbledon-2110","wimbledon",2023,"0:02:08",5,"Jodie Burrage","Caty McNally",94,1,2,1,"BW","NCTL",6,1,23.279,22.513,1,0.99565453557849,"burrage j.","mcnally c.",1522.891844153,1500,128
"2023-wimbledon-2110","wimbledon",2023,"0:03:52",7,"Jodie Burrage","Caty McNally",101,1,1,1,"BW","NCTL",7,2,19.433,23.578,1,0.987633016968651,"burrage j.","mcnally c.",1522.891844153,1500,232
"2023-wimbledon-2110","wimbledon",2023,"0:04:18",8,"Jodie Burrage","Caty McNally",102,1,1,1,"C","NCTL",1,2,3.312,4.464,1,0.997411561691113,"burrage j.","mcnally c.",1522.891844153,1500,258
"2023-wimbledon-2110","wimbledon",2023,"0:04:38",9,"Jodie Burrage","Caty McNally",108,1,1,1,"C","NCTL",1,2,7.002,7.62,1,1.05608283002588,"burrage j.","mcnally c.",1522.891844153,1500,278
"2023-wimbledon-2110","wimbledon",2023,"0:04:59",10,"Jodie Burrage","Caty McNally",104,1,1,1,"BW","NCTL",1,2,7.692,6.328,1,1.01696865113604,"burrage j.","mcnally c.",1522.891844153,1500,299
"2023-wimbledon-2110","wimbledon",2023,"0:05:33",11,"Jodie Burrage","Caty McNally",92,1,2,1,"BC","CTL",6,3,19.625,20.757,1,0.974470396523628,"burrage j.","mcnally c.",1522.891844153,1500,333
"2023-wimbledon-2110","wimbledon",2023,"0:06:04",12,"Jodie Burrage","Caty McNally",97,1,2,2,"C","NCTL",1,3,7.046,9.648,0,1.02743074416078,"burrage j.","mcnally c.",1522.891844153,1500,364
"2023-wimbledon-2110","wimbledon",2023,"0:06:25",13,"Jodie Burrage","Caty McNally",97,1,2,1,"C","NCTL",2,3,22.885,10.765,1,1.02743074416078,"burrage j.","mcnally c.",1522.891844153,1500,385
"2023-wimbledon-2110","wimbledon",2023,"0:06:53",14,"Jodie Burrage","Caty McNally",92,1,2,1,"BC","NCTL",2,3,12.24,9.01,1,0.974470396523628,"burrage j.","mcnally c.",1522.891844153,1500,413
"2023-wimbledon-2110","wimbledon",2023,"0:07:20",15,"Jodie Burrage","Caty McNally",95,1,2,2,"W","CTL",3,3,16.345,15.91,0,1.00624660510592,"burrage j.","mcnally c.",1522.891844153,1500,440
"2023-wimbledon-2110","wimbledon",2023,"0:07:55",16,"Jodie Burrage","Caty McNally",86,2,2,2,"BC","NCTL",1,3,5.93,4.269,1,0.910917979359044,"burrage j.","mcnally c.",1522.891844153,1500,475
"2023-wimbledon-2110","wimbledon",2023,"0:08:30",17,"Jodie Burrage","Caty McNally",92,1,2,1,"W","NCTL",6,3,22.574,19.115,1,0.974470396523628,"burrage j.","mcnally c.",1522.891844153,1500,510
"2023-wimbledon-2110","wimbledon",2023,"0:09:04",18,"Jodie Burrage","Caty McNally",94,1,2,1,"C","NCTL",2,3,17.778,14.196,1,0.99565453557849,"burrage j.","mcnally c.",1522.891844153,1500,544
"2023-wimbledon-2110","wimbledon",2023,"0:11:17",19,"Jodie Burrage","Caty McNally",84,2,1,1,"BC","NCTL",3,4,12.062,11.715,0,0.821397756686799,"burrage j.","mcnally c.",1522.891844153,1500,677
"2023-wimbledon-2110","wimbledon",2023,"0:11:49",20,"Jodie Burrage","Caty McNally",106,1,1,1,"BC","CTL",3,4,17.158,11.003,1,1.03652574058096,"burrage j.","mcnally c.",1522.891844153,1500,709
"2023-wimbledon-2110","wimbledon",2023,"0:12:10",21,"Jodie Burrage","Caty McNally",86,2,1,1,"C","NCTL",3,4,11.581,9.787,0,0.840954846131723,"burrage j.","mcnally c.",1522.891844153,1500,730
"2023-wimbledon-2110","wimbledon",2023,"0:12:49",22,"Jodie Burrage","Caty McNally",105,1,1,1,"C","CTL",7,4,20.349,28.121,1,1.0267471958585,"burrage j.","mcnally c.",1522.891844153,1500,769
"2023-wimbledon-2110","wimbledon",2023,"0:13:45",23,"Jodie Burrage","Caty McNally",93,1,2,2,"B","NCTL",7,5,18.138,23.797,0,0.985062466051059,"burrage j.","mcnally c.",1522.891844153,1500,825
"2023-wimbledon-2110","wimbledon",2023,"0:14:23",24,"Jodie Burrage","Caty McNally",98,1,2,2,"C","CTL",1,5,4.272,2.908,0,1.03802281368821,"burrage j.","mcnally c.",1522.891844153,1500,863
"2023-wimbledon-2110","wimbledon",2023,"0:14:44",25,"Jodie Burrage","Caty McNally",97,1,2,2,"C","NCTL",9,5,29.282,35.786,0,1.02743074416078,"burrage j.","mcnally c.",1522.891844153,1500,884
"2023-wimbledon-2110","wimbledon",2023,"0:15:22",26,"Jodie Burrage","Caty McNally",99,1,2,2,"BW","NCTL",3,5,10.215,10.53,0,1.04861488321564,"burrage j.","mcnally c.",1522.891844153,1500,922
"2023-wimbledon-2110","wimbledon",2023,"0:17:12",27,"Jodie Burrage","Caty McNally",94,2,1,1,"BW","NCTL",1,6,5.191,3.988,0,0.919183203911418,"burrage j.","mcnally c.",1522.891844153,1500,1032
"2023-wimbledon-2110","wimbledon",2023,"0:17:38",28,"Jodie Burrage","Caty McNally",84,2,1,2,"W","NCTL",6,6,44.203,26.139,1,0.821397756686799,"burrage j.","mcnally c.",1522.891844153,1500,1058
"2023-wimbledon-2110","wimbledon",2023,"0:18:19",29,"Jodie Burrage","Caty McNally",99,1,1,1,"W","CTL",1,6,1.623,1.913,1,0.968075927523727,"burrage j.","mcnally c.",1522.891844153,1500,1099
"2023-wimbledon-2110","wimbledon",2023,"0:18:38",30,"Jodie Burrage","Caty McNally",100,1,1,1,"BC","CTL",1,6,13.801,8.69,1,0.977854472246189,"burrage j.","mcnally c.",1522.891844153,1500,1118
"2023-wimbledon-2110","wimbledon",2023,"0:18:59",31,"Jodie Burrage","Caty McNally",87,2,1,1,"C","NCTL",1,6,6.971,6.646,0,0.850733390854185,"burrage j.","mcnally c.",1522.891844153,1500,1139
"2023-wimbledon-2110","wimbledon",2023,"0:19:43",32,"Jodie Burrage","Caty McNally",97,1,2,1,"C","NCTL",4,7,16.364,13.398,1,1.02743074416078,"burrage j.","mcnally c.",1522.891844153,1500,1183
"2023-wimbledon-2110","wimbledon",2023,"0:20:08",33,"Jodie Burrage","Caty McNally",96,1,2,1,"B","NCTL",4,7,34.518,12.562,1,1.01683867463335,"burrage j.","mcnally c.",1522.891844153,1500,1208
"2023-wimbledon-2110","wimbledon",2023,"0:20:38",34,"Jodie Burrage","Caty McNally",89,1,2,1,"W","CTL",2,7,15.937,11.517,1,0.942694187941336,"burrage j.","mcnally c.",1522.891844153,1500,1238
"2023-wimbledon-2110","wimbledon",2023,"0:21:11",35,"Jodie Burrage","Caty McNally",96,1,2,2,"B","NCTL",7,7,25.87,24.395,0,1.01683867463335,"burrage j.","mcnally c.",1522.891844153,1500,1271
"2023-wimbledon-2110","wimbledon",2023,"0:21:50",36,"Jodie Burrage","Caty McNally",95,1,2,1,"BC","NCTL",2,7,9.134,8.407,1,1.00624660510592,"burrage j.","mcnally c.",1522.891844153,1500,1310
"2023-wimbledon-2110","wimbledon",2023,"0:24:08",37,"Jodie Burrage","Caty McNally",97,1,1,1,"W","NCTL",1,1,1.13,1.202,1,0.948518838078804,"burrage j.","mcnally c.",1522.891844153,1500,1448
"2023-wimbledon-2110","wimbledon",2023,"0:24:24",38,"Jodie Burrage","Caty McNally",81,2,1,1,"BW","NCTL",1,1,4.793,3.695,0,0.792062122519413,"burrage j.","mcnally c.",1522.891844153,1500,1464
"2023-wimbledon-2110","wimbledon",2023,"0:25:09",39,"Jodie Burrage","Caty McNally",85,2,1,1,"C","NCTL",1,1,6.138,6.243,0,0.831176301409261,"burrage j.","mcnally c.",1522.891844153,1500,1509
"2023-wimbledon-2110","wimbledon",2023,"0:26:09",40,"Jodie Burrage","Caty McNally",108,1,1,2,"W","CTL",8,1,24.722,28.389,0,1.05608283002588,"burrage j.","mcnally c.",1522.891844153,1500,1569
"2023-wimbledon-2110","wimbledon",2023,"0:26:38",41,"Jodie Burrage","Caty McNally",98,1,1,1,"BW","NCTL",3,1,10.362,12.649,1,0.958297382801265,"burrage j.","mcnally c.",1522.891844153,1500,1598
"2023-wimbledon-2110","wimbledon",2023,"0:27:49",42,"Jodie Burrage","Caty McNally",93,1,2,2,"BW","NCTL",7,2,27.006,24.22,0,0.985062466051059,"burrage j.","mcnally c.",1522.891844153,1500,1669
"2023-wimbledon-2110","wimbledon",2023,"0:28:27",43,"Jodie Burrage","Caty McNally",99,1,2,2,"BC","NCTL",5,2,17.921,19.991,0,1.04861488321564,"burrage j.","mcnally c.",1522.891844153,1500,1707
"2023-wimbledon-2110","wimbledon",2023,"0:29:00",44,"Jodie Burrage","Caty McNally",92,1,2,2,"C","NCTL",5,2,20.3,16.775,0,0.974470396523628,"burrage j.","mcnally c.",1522.891844153,1500,1740
"2023-wimbledon-2110","wimbledon",2023,"0:30:19",46,"Jodie Burrage","Caty McNally",93,1,2,1,"BW","NCTL",2,2,10.183,7.581,1,0.985062466051059,"burrage j.","mcnally c.",1522.891844153,1500,1819
"2023-wimbledon-2110","wimbledon",2023,"0:30:48",47,"Jodie Burrage","Caty McNally",96,1,2,2,"C","NCTL",7,2,38.266,19.754,0,1.01683867463335,"burrage j.","mcnally c.",1522.891844153,1500,1848
"2023-wimbledon-2110","wimbledon",2023,"0:31:27",48,"Jodie Burrage","Caty McNally",87,2,1,2,"BC","NCTL",4,3,13.626,23.153,1,0.850733390854185,"burrage j.","mcnally c.",1522.891844153,1500,1887
"2023-wimbledon-2110","wimbledon",2023,"0:32:00",49,"Jodie Burrage","Caty McNally",105,1,1,1,"C","CTL",1,3,1.145,1.058,1,1.0267471958585,"burrage j.","mcnally c.",1522.891844153,1500,1920
"2023-wimbledon-2110","wimbledon",2023,"0:32:25",50,"Jodie Burrage","Caty McNally",90,2,1,1,"W","CTL",1,3,10.222,5.562,0,0.88006902502157,"burrage j.","mcnally c.",1522.891844153,1500,1945
"2023-wimbledon-2110","wimbledon",2023,"0:33:02",51,"Jodie Burrage","Caty McNally",101,1,1,1,"C","NCTL",5,3,20.674,23.545,1,0.987633016968651,"burrage j.","mcnally c.",1522.891844153,1500,1982
"2023-wimbledon-2110","wimbledon",2023,"0:33:30",52,"Jodie Burrage","Caty McNally",109,1,1,2,"C","NCTL",2,3,9.833,10.615,0,1.06586137474835,"burrage j.","mcnally c.",1522.891844153,1500,2010
"2023-wimbledon-2110","wimbledon",2023,"0:33:55",53,"Jodie Burrage","Caty McNally",103,1,1,1,"BW","NCTL",3,3,15.064,26.663,1,1.00719010641357,"burrage j.","mcnally c.",1522.891844153,1500,2035
"2023-wimbledon-2110","wimbledon",2023,"0:35:42",54,"Jodie Burrage","Caty McNally",86,1,2,2,"W","CTL",5,4,19.883,15.086,0,0.910917979359044,"burrage j.","mcnally c.",1522.891844153,1500,2142
"2023-wimbledon-2110","wimbledon",2023,"0:36:20",55,"Jodie Burrage","Caty McNally",96,1,2,2,"BC","CTL",3,4,15.266,10.041,0,1.01683867463335,"burrage j.","mcnally c.",1522.891844153,1500,2180
"2023-wimbledon-2110","wimbledon",2023,"0:36:47",56,"Jodie Burrage","Caty McNally",94,1,2,2,"BC","NCTL",5,4,15.838,18.412,0,0.99565453557849,"burrage j.","mcnally c.",1522.891844153,1500,2207
"2023-wimbledon-2110","wimbledon",2023,"0:37:24",57,"Jodie Burrage","Caty McNally",85,1,2,2,"W","CTL",3,4,18.003,15.67,0,0.900325909831613,"burrage j.","mcnally c.",1522.891844153,1500,2244
"2023-wimbledon-2110","wimbledon",2023,"0:37:56",58,"Jodie Burrage","Caty McNally",87,2,1,2,"C","NCTL",4,5,27.847,21.969,1,0.850733390854185,"burrage j.","mcnally c.",1522.891844153,1500,2276
"2023-wimbledon-2110","wimbledon",2023,"0:38:30",59,"Jodie Burrage","Caty McNally",101,1,1,2,"C","NCTL",8,5,36.874,26.68,0,0.987633016968651,"burrage j.","mcnally c.",1522.891844153,1500,2310
"2023-wimbledon-2110","wimbledon",2023,"0:39:01",60,"Jodie Burrage","Caty McNally",104,1,1,2,"BC","CTL",6,5,39.869,31.106,0,1.01696865113604,"burrage j.","mcnally c.",1522.891844153,1500,2341
"2023-wimbledon-2110","wimbledon",2023,"0:39:36",61,"Jodie Burrage","Caty McNally",106,1,1,1,"BW","CTL",3,5,9.422,10.187,1,1.03652574058096,"burrage j.","mcnally c.",1522.891844153,1500,2376
"2023-wimbledon-2110","wimbledon",2023,"0:39:58",62,"Jodie Burrage","Caty McNally",108,1,1,1,"C","NCTL",3,5,9.343,9.094,1,1.05608283002588,"burrage j.","mcnally c.",1522.891844153,1500,2398
"2023-wimbledon-2110","wimbledon",2023,"0:40:25",63,"Jodie Burrage","Caty McNally",100,1,1,2,"BW","NCTL",10,5,32.097,35.815,0,0.977854472246189,"burrage j.","mcnally c.",1522.891844153,1500,2425
"2023-wimbledon-2110","wimbledon",2023,"0:42:35",64,"Jodie Burrage","Caty McNally",89,2,2,1,"BC","NCTL",4,6,20.135,16.54,0,0.942694187941336,"burrage j.","mcnally c.",1522.891844153,1500,2555
"2023-wimbledon-2110","wimbledon",2023,"0:43:20",65,"Jodie Burrage","Caty McNally",98,1,2,2,"BC","NCTL",7,6,36.411,54.948,0,1.03802281368821,"burrage j.","mcnally c.",1522.891844153,1500,2600
"2023-wimbledon-2110","wimbledon",2023,"0:44:12",66,"Jodie Burrage","Caty McNally",101,1,2,1,"BC","NCTL",4,6,14.16,10.542,1,1.06979902227051,"burrage j.","mcnally c.",1522.891844153,1500,2652
"2023-wimbledon-2110","wimbledon",2023,"0:44:44",67,"Jodie Burrage","Caty McNally",88,2,2,2,"BC","NCTL",1,6,6.572,8.614,1,0.932102118413906,"burrage j.","mcnally c.",1522.891844153,1500,2684
"2023-wimbledon-2110","wimbledon",2023,"0:45:26",68,"Jodie Burrage","Caty McNally",98,1,2,1,"BW","CTL",10,6,39.521,60.656,1,1.03802281368821,"burrage j.","mcnally c.",1522.891844153,1500,2726
"2023-wimbledon-2110","wimbledon",2023,"0:46:13",69,"Jodie Burrage","Caty McNally",90,1,2,2,"C","NCTL",1,6,6.399,5.431,0,0.953286257468767,"burrage j.","mcnally c.",1522.891844153,1500,2773
"2023-wimbledon-2110","wimbledon",2023,"0:46:38",70,"Jodie Burrage","Caty McNally",96,1,2,2,"BW","NCTL",13,6,64.774,64.461,0,1.01683867463335,"burrage j.","mcnally c.",1522.891844153,1500,2798
"2023-wimbledon-2110","wimbledon",2023,"0:47:27",71,"Jodie Burrage","Caty McNally",87,2,2,1,"BC","NCTL",6,6,20.963,39.887,0,0.921510048886475,"burrage j.","mcnally c.",1522.891844153,1500,2847
"2023-wimbledon-2110","wimbledon",2023,"0:48:23",72,"Jodie Burrage","Caty McNally",96,1,2,1,"BC","NCTL",2,6,13.452,7.335,1,1.01683867463335,"burrage j.","mcnally c.",1522.891844153,1500,2903
"2023-wimbledon-2110","wimbledon",2023,"0:48:53",73,"Jodie Burrage","Caty McNally",101,1,2,1,"W","CTL",8,6,34.594,62.771,1,1.06979902227051,"burrage j.","mcnally c.",1522.891844153,1500,2933
"2023-wimbledon-2110","wimbledon",2023,"0:49:37",74,"Jodie Burrage","Caty McNally",88,2,1,2,"C","CTL",12,7,40.409,45.969,1,0.860511935576647,"burrage j.","mcnally c.",1522.891844153,1500,2977
"2023-wimbledon-2110","wimbledon",2023,"0:50:30",75,"Jodie Burrage","Caty McNally",75,2,1,1,"BW","NCTL",7,7,31.565,33.934,0,0.733390854184642,"burrage j.","mcnally c.",1522.891844153,1500,3030
"2023-wimbledon-2110","wimbledon",2023,"0:51:13",76,"Jodie Burrage","Caty McNally",94,1,1,1,"C","CTL",3,7,8.49,7.981,1,0.919183203911418,"burrage j.","mcnally c.",1522.891844153,1500,3073
"2023-wimbledon-2110","wimbledon",2023,"0:51:35",77,"Jodie Burrage","Caty McNally",95,1,1,1,"W","CTL",1,7,1.65,1.291,1,0.92896174863388,"burrage j.","mcnally c.",1522.891844153,1500,3095
"2023-wimbledon-2110","wimbledon",2023,"0:51:54",78,"Jodie Burrage","Caty McNally",94,1,1,1,"W","NCTL",9,7,54.797,35.708,1,0.919183203911418,"burrage j.","mcnally c.",1522.891844153,1500,3114
"2023-wimbledon-2110","wimbledon",2023,"0:53:57",79,"Jodie Burrage","Caty McNally",92,1,2,1,"W","NCTL",8,8,41.286,56.652,1,0.974470396523628,"burrage j.","mcnally c.",1522.891844153,1500,3237
"2023-wimbledon-2110","wimbledon",2023,"0:54:43",80,"Jodie Burrage","Caty McNally",87,2,2,1,"BC","NCTL",2,8,3.154,5.748,0,0.921510048886475,"burrage j.","mcnally c.",1522.891844153,1500,3283
"2023-wimbledon-2110","wimbledon",2023,"0:55:22",81,"Jodie Burrage","Caty McNally",90,1,2,2,"BC","NCTL",5,8,27.922,40.336,0,0.953286257468767,"burrage j.","mcnally c.",1522.891844153,1500,3322
"2023-wimbledon-2110","wimbledon",2023,"0:55:55",82,"Jodie Burrage","Caty McNally",90,1,2,1,"C","NCTL",2,8,4.542,11.245,1,0.953286257468767,"burrage j.","mcnally c.",1522.891844153,1500,3355
"2023-wimbledon-2110","wimbledon",2023,"0:56:19",83,"Jodie Burrage","Caty McNally",95,1,2,1,"C","NCTL",4,8,14.264,12.395,1,1.00624660510592,"burrage j.","mcnally c.",1522.891844153,1500,3379
"2023-wimbledon-2110","wimbledon",2023,"0:56:54",84,"Jodie Burrage","Caty McNally",85,2,1,1,"C","NCTL",1,9,7.284,5.397,0,0.831176301409261,"burrage j.","mcnally c.",1522.891844153,1500,3414
"2023-wimbledon-2110","wimbledon",2023,"0:57:21",85,"Jodie Burrage","Caty McNally",100,1,1,1,"W","CTL",5,9,15.628,20.494,1,0.977854472246189,"burrage j.","mcnally c.",1522.891844153,1500,3441
"2023-wimbledon-2110","wimbledon",2023,"0:57:45",86,"Jodie Burrage","Caty McNally",81,2,1,1,"BC","NCTL",1,9,7.379,5.108,0,0.792062122519413,"burrage j.","mcnally c.",1522.891844153,1500,3465
"2023-wimbledon-2110","wimbledon",2023,"0:58:16",87,"Jodie Burrage","Caty McNally",102,1,1,2,"C","NCTL",6,9,21.454,27.264,0,0.997411561691113,"burrage j.","mcnally c.",1522.891844153,1500,3496
"2023-wimbledon-2110","wimbledon",2023,"0:58:45",88,"Jodie Burrage","Caty McNally",72,2,1,2,"C","NCTL",4,9,20.653,19.203,1,0.704055220017256,"burrage j.","mcnally c.",1522.891844153,1500,3525
"2023-wimbledon-2110","wimbledon",2023,"0:59:24",89,"Jodie Burrage","Caty McNally",97,1,1,2,"BW","CTL",4,9,14.868,19.085,0,0.948518838078804,"burrage j.","mcnally c.",1522.891844153,1500,3564
"2023-wimbledon-2110","wimbledon",2023,"0:59:53",90,"Jodie Burrage","Caty McNally",99,1,1,1,"W","CTL",3,9,12.008,17.393,1,0.968075927523727,"burrage j.","mcnally c.",1522.891844153,1500,3593
"2023-wimbledon-2110","wimbledon",2023,"1:00:19",91,"Jodie Burrage","Caty McNally",102,1,1,2,"C","NCTL",2,9,9.202,10.614,0,0.997411561691113,"burrage j.","mcnally c.",1522.891844153,1500,3619
"2023-wimbledon-2110","wimbledon",2023,"1:00:42",92,"Jodie Burrage","Caty McNally",106,1,1,1,"BC","CTL",9,9,30.525,79.272,1,1.03652574058096,"burrage j.","mcnally c.",1522.891844153,1500,3642
"2023-wimbledon-2110","wimbledon",2023,"1:01:20",93,"Jodie Burrage","Caty McNally",102,1,1,2,"BW","NCTL",4,9,14.36,13.205,0,0.997411561691113,"burrage j.","mcnally c.",1522.891844153,1500,3680
"2023-wimbledon-2110","wimbledon",2023,"1:01:49",94,"Jodie Burrage","Caty McNally",101,1,1,2,"BW","NCTL",4,9,17.701,16.395,0,0.987633016968651,"burrage j.","mcnally c.",1522.891844153,1500,3709
"2023-wimbledon-2110","wimbledon",2023,"1:02:33",95,"Jodie Burrage","Caty McNally",105,1,1,1,"C","NCTL",5,9,17.355,22.133,1,1.0267471958585,"burrage j.","mcnally c.",1522.891844153,1500,3753
"2023-wimbledon-2110","wimbledon",2023,"1:03:05",96,"Jodie Burrage","Caty McNally",108,1,1,1,"C","NCTL",1,9,4.799,6.923,1,1.05608283002588,"burrage j.","mcnally c.",1522.891844153,1500,3785
"2023-wimbledon-2110","wimbledon",2023,"1:03:26",97,"Jodie Burrage","Caty McNally",107,1,1,1,"W","NCTL",9,9,41.835,37.013,1,1.04630428530342,"burrage j.","mcnally c.",1522.891844153,1500,3806
"2023-wimbledon-2116","wimbledon",2023,"0:00:00",1,"Sofia Kenin","Coco Gauff",94,1,2,2,"W","CTL",9,1,36.966,30.611,0,0.870223868035684,"kenin s.","gauff c.",1534.82077950046,1500,0
"2023-wimbledon-2116","wimbledon",2023,"0:00:34",2,"Sofia Kenin","Coco Gauff",102,1,2,2,"C","NCTL",1,1,5.907,6.057,0,0.944285473825955,"kenin s.","gauff c.",1534.82077950046,1500,34
"2023-wimbledon-2116","wimbledon",2023,"0:00:55",3,"Sofia Kenin","Coco Gauff",112,1,2,2,"C","NCTL",1,1,0.935,0.56,0,1.03686248106379,"kenin s.","gauff c.",1534.82077950046,1500,55
"2023-wimbledon-2116","wimbledon",2023,"0:02:40",6,"Sofia Kenin","Coco Gauff",82,2,1,1,"BC","NCTL",3,2,10.573,19.92,0,0.869257950530035,"kenin s.","gauff c.",1534.82077950046,1500,160
"2023-wimbledon-2116","wimbledon",2023,"0:03:15",7,"Sofia Kenin","Coco Gauff",87,2,1,1,"B","NCTL",3,2,10.348,9.485,0,0.92226148409894,"kenin s.","gauff c.",1534.82077950046,1500,195
"2023-wimbledon-2116","wimbledon",2023,"0:03:50",8,"Sofia Kenin","Coco Gauff",94,1,1,1,"C","CTL",1,2,3.959,7.49,1,0.996466431095406,"kenin s.","gauff c.",1534.82077950046,1500,230
"2023-wimbledon-2116","wimbledon",2023,"0:04:09",9,"Sofia Kenin","Coco Gauff",97,1,1,1,"BC","NCTL",1,2,3.703,4.826,1,1.02826855123675,"kenin s.","gauff c.",1534.82077950046,1500,249
"2023-wimbledon-2116","wimbledon",2023,"0:06:04",12,"Sofia Kenin","Coco Gauff",82,2,2,2,"BC","NCTL",5,3,21.516,21.171,1,0.759131459350278,"kenin s.","gauff c.",1534.82077950046,1500,364
"2023-wimbledon-2116","wimbledon",2023,"0:06:46",13,"Sofia Kenin","Coco Gauff",108,1,2,1,"C","NCTL",8,3,23.977,30.371,1,0.999831678168658,"kenin s.","gauff c.",1534.82077950046,1500,406
"2023-wimbledon-2116","wimbledon",2023,"0:07:20",14,"Sofia Kenin","Coco Gauff",107,1,2,1,"BW","CTL",2,3,12.365,7.161,1,0.990573977444875,"kenin s.","gauff c.",1534.82077950046,1500,440
"2023-wimbledon-2116","wimbledon",2023,"0:09:02",15,"Sofia Kenin","Coco Gauff",75,2,1,1,"BW","NCTL",3,4,12.834,15.322,0,0.795053003533569,"kenin s.","gauff c.",1534.82077950046,1500,542
"2023-wimbledon-2116","wimbledon",2023,"0:09:45",16,"Sofia Kenin","Coco Gauff",96,1,1,1,"W","NCTL",1,4,3.38,7.291,1,1.01766784452297,"kenin s.","gauff c.",1534.82077950046,1500,585
"2023-wimbledon-2116","wimbledon",2023,"0:10:04",17,"Sofia Kenin","Coco Gauff",92,1,1,1,"W","NCTL",3,4,8.211,10.853,1,0.975265017667845,"kenin s.","gauff c.",1534.82077950046,1500,604
"2023-wimbledon-2116","wimbledon",2023,"0:10:26",18,"Sofia Kenin","Coco Gauff",98,1,1,2,"C","NCTL",12,4,33.695,49.395,0,1.03886925795053,"kenin s.","gauff c.",1534.82077950046,1500,626
"2023-wimbledon-2116","wimbledon",2023,"0:11:10",19,"Sofia Kenin","Coco Gauff",97,1,1,1,"BW","CTL",7,4,20.08,29.263,1,1.02826855123675,"kenin s.","gauff c.",1534.82077950046,1500,670
"2023-wimbledon-2116","wimbledon",2023,"0:11:47",20,"Sofia Kenin","Coco Gauff",99,1,2,2,"BW","NCTL",7,5,23.02,18.972,0,0.916512371654604,"kenin s.","gauff c.",1534.82077950046,1500,707
"2023-wimbledon-2116","wimbledon",2023,"0:12:37",22,"Sofia Kenin","Coco Gauff",84,2,2,2,"W","NCTL",7,5,41.588,30.13,1,0.777646860797846,"kenin s.","gauff c.",1534.82077950046,1500,757
"2023-wimbledon-2116","wimbledon",2023,"0:13:21",23,"Sofia Kenin","Coco Gauff",83,2,2,2,"BW","NCTL",1,5,4.559,5.131,1,0.768389160074062,"kenin s.","gauff c.",1534.82077950046,1500,801
"2023-wimbledon-2116","wimbledon",2023,"0:15:13",24,"Sofia Kenin","Coco Gauff",97,1,1,1,"BC","NCTL",3,6,10.219,19.097,1,1.02826855123675,"kenin s.","gauff c.",1534.82077950046,1500,913
"2023-wimbledon-2116","wimbledon",2023,"0:15:36",25,"Sofia Kenin","Coco Gauff",93,1,1,1,"W","CTL",1,6,2.212,4.75,1,0.985865724381625,"kenin s.","gauff c.",1534.82077950046,1500,936
"2023-wimbledon-2116","wimbledon",2023,"0:15:55",26,"Sofia Kenin","Coco Gauff",92,1,1,2,"BW","CTL",4,6,15.163,18.788,0,0.975265017667845,"kenin s.","gauff c.",1534.82077950046,1500,955
"2023-wimbledon-2116","wimbledon",2023,"0:16:24",27,"Sofia Kenin","Coco Gauff",97,1,1,1,"C","NCTL",7,6,24.654,45.46,1,1.02826855123675,"kenin s.","gauff c.",1534.82077950046,1500,984
"2023-wimbledon-2116","wimbledon",2023,"0:16:56",28,"Sofia Kenin","Coco Gauff",99,1,1,2,"BC","CTL",10,6,31.383,67.512,0,1.04946996466431,"kenin s.","gauff c.",1534.82077950046,1500,1016
"2023-wimbledon-2116","wimbledon",2023,"0:17:35",29,"Sofia Kenin","Coco Gauff",89,1,1,1,"W","CTL",5,6,24.542,57.854,1,0.943462897526502,"kenin s.","gauff c.",1534.82077950046,1500,1055
"2023-wimbledon-2116","wimbledon",2023,"0:18:23",30,"Sofia Kenin","Coco Gauff",87,2,2,1,"BC","NCTL",6,7,29.645,22.309,0,0.805419962969197,"kenin s.","gauff c.",1534.82077950046,1500,1103
"2023-wimbledon-2116","wimbledon",2023,"0:19:04",31,"Sofia Kenin","Coco Gauff",108,1,2,2,"B","NCTL",7,7,27.576,29.576,0,0.999831678168658,"kenin s.","gauff c.",1534.82077950046,1500,1144
"2023-wimbledon-2116","wimbledon",2023,"0:19:39",32,"Sofia Kenin","Coco Gauff",111,1,2,2,"C","CTL",1,7,1.02,1.021,0,1.02760478034001,"kenin s.","gauff c.",1534.82077950046,1500,1179
"2023-wimbledon-2116","wimbledon",2023,"0:20:50",34,"Sofia Kenin","Coco Gauff",94,1,2,2,"BW","NCTL",1,7,5.048,3.906,0,0.870223868035684,"kenin s.","gauff c.",1534.82077950046,1500,1250
"2023-wimbledon-2116","wimbledon",2023,"0:22:40",35,"Sofia Kenin","Coco Gauff",93,1,1,1,"W","NCTL",9,8,27.246,53.223,1,0.985865724381625,"kenin s.","gauff c.",1534.82077950046,1500,1360
"2023-wimbledon-2116","wimbledon",2023,"0:23:12",36,"Sofia Kenin","Coco Gauff",94,1,1,1,"C","CTL",1,8,7.345,12.064,1,0.996466431095406,"kenin s.","gauff c.",1534.82077950046,1500,1392
"2023-wimbledon-2116","wimbledon",2023,"0:23:36",37,"Sofia Kenin","Coco Gauff",96,1,1,1,"C","NCTL",5,8,10.182,18.271,1,1.01766784452297,"kenin s.","gauff c.",1534.82077950046,1500,1416
"2023-wimbledon-2116","wimbledon",2023,"0:24:02",38,"Sofia Kenin","Coco Gauff",95,1,1,1,"W","CTL",3,8,7.879,11.994,1,1.00706713780919,"kenin s.","gauff c.",1534.82077950046,1500,1442
"2023-wimbledon-2116","wimbledon",2023,"0:24:31",39,"Sofia Kenin","Coco Gauff",87,2,2,1,"B","NCTL",2,9,4.76,5.466,0,0.805419962969197,"kenin s.","gauff c.",1534.82077950046,1500,1471
"2023-wimbledon-2116","wimbledon",2023,"0:24:59",40,"Sofia Kenin","Coco Gauff",113,1,2,2,"C","NCTL",1,9,2.13,1.176,0,1.04612018178758,"kenin s.","gauff c.",1534.82077950046,1500,1499
"2023-wimbledon-2116","wimbledon",2023,"0:25:55",42,"Sofia Kenin","Coco Gauff",113,1,2,2,"BW","CTL",1,9,6.208,5.89,0,1.04612018178758,"kenin s.","gauff c.",1534.82077950046,1500,1555
"2023-wimbledon-2116","wimbledon",2023,"0:26:23",43,"Sofia Kenin","Coco Gauff",107,1,2,1,"W","NCTL",2,9,10.298,9.354,1,0.990573977444875,"kenin s.","gauff c.",1534.82077950046,1500,1583
"2023-wimbledon-2116","wimbledon",2023,"0:26:47",44,"Sofia Kenin","Coco Gauff",87,2,2,2,"B","NCTL",3,9,22.433,12.044,1,0.805419962969197,"kenin s.","gauff c.",1534.82077950046,1500,1607
"2023-wimbledon-2116","wimbledon",2023,"0:27:21",45,"Sofia Kenin","Coco Gauff",93,2,2,2,"BC","NCTL",3,9,11.009,8.066,1,0.8609661673119,"kenin s.","gauff c.",1534.82077950046,1500,1641
"2023-wimbledon-2116","wimbledon",2023,"0:28:32",46,"Sofia Kenin","Coco Gauff",82,2,2,2,"B","NCTL",1,9,5.399,4.94,1,0.759131459350278,"kenin s.","gauff c.",1534.82077950046,1500,1712
"2023-wimbledon-2116","wimbledon",2023,"0:30:22",47,"Sofia Kenin","Coco Gauff",92,1,1,1,"BW","NCTL",1,10,3.064,3.855,1,0.975265017667845,"kenin s.","gauff c.",1534.82077950046,1500,1822
"2023-wimbledon-2116","wimbledon",2023,"0:30:44",48,"Sofia Kenin","Coco Gauff",93,1,1,1,"BC","CTL",3,10,9.038,15.148,1,0.985865724381625,"kenin s.","gauff c.",1534.82077950046,1500,1844
"2023-wimbledon-2116","wimbledon",2023,"0:31:11",49,"Sofia Kenin","Coco Gauff",90,1,1,2,"W","CTL",8,10,28.677,27.728,0,0.954063604240283,"kenin s.","gauff c.",1534.82077950046,1500,1871
"2023-wimbledon-2116","wimbledon",2023,"0:31:49",50,"Sofia Kenin","Coco Gauff",89,2,1,1,"B","NCTL",3,10,9.059,10.498,0,0.943462897526502,"kenin s.","gauff c.",1534.82077950046,1500,1909
"2023-wimbledon-2116","wimbledon",2023,"0:32:31",51,"Sofia Kenin","Coco Gauff",82,2,1,1,"C","CTL",3,10,8.496,10.116,0,0.869257950530035,"kenin s.","gauff c.",1534.82077950046,1500,1951
"2023-wimbledon-2116","wimbledon",2023,"0:35:13",53,"Sofia Kenin","Coco Gauff",105,1,2,2,"BC","NCTL",1,1,6.063,6.235,0,0.972058575997307,"kenin s.","gauff c.",1534.82077950046,1500,2113
"2023-wimbledon-2116","wimbledon",2023,"0:35:32",54,"Sofia Kenin","Coco Gauff",107,1,2,2,"C","CTL",1,1,1.308,0.576,0,0.990573977444875,"kenin s.","gauff c.",1534.82077950046,1500,2132
"2023-wimbledon-2116","wimbledon",2023,"0:35:47",55,"Sofia Kenin","Coco Gauff",105,1,2,2,"W","NCTL",3,1,11.196,9.965,0,0.972058575997307,"kenin s.","gauff c.",1534.82077950046,1500,2147
"2023-wimbledon-2116","wimbledon",2023,"0:36:09",56,"Sofia Kenin","Coco Gauff",110,1,2,1,"C","NCTL",2,1,10.613,8.735,1,1.01834707961623,"kenin s.","gauff c.",1534.82077950046,1500,2169
"2023-wimbledon-2116","wimbledon",2023,"0:36:26",57,"Sofia Kenin","Coco Gauff",86,2,2,1,"BW","NCTL",12,1,46.694,81.377,0,0.796162262245413,"kenin s.","gauff c.",1534.82077950046,1500,2186
"2023-wimbledon-2116","wimbledon",2023,"0:37:24",58,"Sofia Kenin","Coco Gauff",109,1,2,2,"C","NCTL",7,1,24.665,27.477,0,1.00908937889244,"kenin s.","gauff c.",1534.82077950046,1500,2244
"2023-wimbledon-2116","wimbledon",2023,"0:37:56",59,"Sofia Kenin","Coco Gauff",98,1,2,2,"BW","NCTL",7,1,26.286,19.466,0,0.90725467093082,"kenin s.","gauff c.",1534.82077950046,1500,2276
"2023-wimbledon-2116","wimbledon",2023,"0:38:59",60,"Sofia Kenin","Coco Gauff",89,1,1,2,"C","NCTL",2,2,7.704,11.946,0,0.943462897526502,"kenin s.","gauff c.",1534.82077950046,1500,2339
"2023-wimbledon-2116","wimbledon",2023,"0:39:36",61,"Sofia Kenin","Coco Gauff",84,2,1,1,"BC","NCTL",3,2,8.031,15.893,0,0.890459363957597,"kenin s.","gauff c.",1534.82077950046,1500,2376
"2023-wimbledon-2116","wimbledon",2023,"0:40:23",62,"Sofia Kenin","Coco Gauff",90,1,1,2,"BW","CTL",2,2,9.541,9.901,0,0.954063604240283,"kenin s.","gauff c.",1534.82077950046,1500,2423
