"match_id","slam","year","ElapsedTime","PointNumber","player1","player2","Speed_MPH","ServeNumber","PointServer","PointWinner","ServeWidth","ServeDepth","RallyCount","GameNo","P1DistanceRun","P2DistanceRun","serving_player_won","speed_ratio","player1_name","player2_name","player1_avg_welo","player2_avg_welo","ElapsedSeconds"
"2023-wimbledon-1104","wimbledon",2023,"0:00:00",1,"Marco Cecchinato","Nicolas Jarry",118,1,1,1,"C","NCTL",1,1,1.922,3.777,1,1.03343949044586,"cecchinato m.","jarry n.",1500,1536.76813280755,0
"2023-wimbledon-1104","wimbledon",2023,"0:00:18",2,"Marco Cecchinato","Nicolas Jarry",114,1,1,2,"W","CTL",4,1,12.175,11.883,0,0.998407643312102,"cecchinato m.","jarry n.",1500,1536.76813280755,18
"2023-wimbledon-1104","wimbledon",2023,"0:00:41",3,"Marco Cecchinato","Nicolas Jarry",94,2,1,2,"BC","NCTL",2,1,6.255,7.61,1,0.823248407643312,"cecchinato m.","jarry n.",1500,1536.76813280755,41
"2023-wimbledon-1104","wimbledon",2023,"0:01:12",4,"Marco Cecchinato","Nicolas Jarry",118,1,1,1,"C","NCTL",1,1,5.149,5.203,1,1.03343949044586,"cecchinato m.","jarry n.",1500,1536.76813280755,72
"2023-wimbledon-1104","wimbledon",2023,"0:01:36",5,"Marco Cecchinato","Nicolas Jarry",111,1,1,1,"BW","NCTL",1,1,2.015,4.287,1,0.972133757961783,"cecchinato m.","jarry n.",1500,1536.76813280755,96
"2023-wimbledon-1104","wimbledon",2023,"0:01:55",6,"Marco Cecchinato","Nicolas Jarry",116,1,1,1,"C","NCTL",1,1,1.96,4.034,1,1.01592356687898,"cecchinato m.","jarry n.",1500,1536.76813280755,115
"2023-wimbledon-1104","wimbledon",2023,"0:02:56",7,"Marco Cecchinato","Nicolas Jarry",117,1,2,2,"W","CTL",1,2,7.836,4.853,0,0.944112372982666,"cecchinato m.","jarry n.",1500,1536.76813280755,176
"2023-wimbledon-1104","wimbledon",2023,"0:03:19",8,"Marco Cecchinato","Nicolas Jarry",123,1,2,1,"W","NCTL",2,2,16.855,13.513,1,0.992528392109982,"cecchinato m.","jarry n.",1500,1536.76813280755,199
"2023-wimbledon-1104","wimbledon",2023,"0:03:46",9,"Marco Cecchinato","Nicolas Jarry",106,2,2,2,"BC","NCTL",1,2,1.593,1.139,1,0.855349671249253,"cecchinato m.","jarry n.",1500,1536.76813280755,226
"2023-wimbledon-1104","wimbledon",2023,"0:04:20",10,"Marco Cecchinato","Nicolas Jarry",118,1,2,1,"C","NCTL",4,2,17.956,15.284,1,0.952181709503885,"cecchinato m.","jarry n.",1500,1536.76813280755,260
"2023-wimbledon-1104","wimbledon",2023,"0:04:58",11,"Marco Cecchinato","Nicolas Jarry",129,1,2,2,"C","NCTL",1,2,0.951,0.674,0,1.0409444112373,"cecchinato m.","jarry n.",1500,1536.76813280755,298
"2023-wimbledon-1104","wimbledon",2023,"0:05:26",12,"Marco Cecchinato","Nicolas Jarry",127,1,2,2,"BW","NCTL",1,2,3.165,3.345,0,1.02480573819486,"cecchinato m.","jarry n.",1500,1536.76813280755,326
"2023-wimbledon-1104","wimbledon",2023,"0:05:57",13,"Marco Cecchinato","Nicolas Jarry",111,1,1,1,"W","NCTL",1,3,2.679,3.846,1,0.972133757961783,"cecchinato m.","jarry n.",1500,1536.76813280755,357
"2023-wimbledon-1104","wimbledon",2023,"0:06:16",14,"Marco Cecchinato","Nicolas Jarry",115,1,1,2,"B","NCTL",4,3,15.107,14.783,0,1.00716560509554,"cecchinato m.","jarry n.",1500,1536.76813280755,376
"2023-wimbledon-1104","wimbledon",2023,"0:06:42",15,"Marco Cecchinato","Nicolas Jarry",110,1,1,1,"W","CTL",3,3,13.094,17.758,1,0.963375796178344,"cecchinato m.","jarry n.",1500,1536.76813280755,402
"2023-wimbledon-1104","wimbledon",2023,"0:07:08",16,"Marco Cecchinato","Nicolas Jarry",92,2,1,1,"W","CTL",3,3,14.395,13.139,0,0.805732484076433,"cecchinato m.","jarry n.",1500,1536.76813280755,428
"2023-wimbledon-1104","wimbledon",2023,"0:07:45",17,"Marco Cecchinato","Nicolas Jarry",104,2,1,1,"C","NCTL",3,3,13.311,12.964,0,0.910828025477707,"cecchinato m.","jarry n.",1500,1536.76813280755,465
"2023-wimbledon-1104","wimbledon",2023,"0:10:23",19,"Marco Cecchinato","Nicolas Jarry",120,1,2,2,"C","CTL",1,4,13.53,5.628,0,0.968320382546324,"cecchinato m.","jarry n.",1500,1536.76813280755,623
"2023-wimbledon-1104","wimbledon",2023,"0:10:48",20,"Marco Cecchinato","Nicolas Jarry",131,1,2,2,"C","NCTL",1,4,0.742,0.637,0,1.05708308427974,"cecchinato m.","jarry n.",1500,1536.76813280755,648
"2023-wimbledon-1104","wimbledon",2023,"0:11:14",21,"Marco Cecchinato","Nicolas Jarry",130,1,2,2,"W","NCTL",3,4,16.141,11.602,0,1.04901374775852,"cecchinato m.","jarry n.",1500,1536.76813280755,674
"2023-wimbledon-1104","wimbledon",2023,"0:11:45",22,"Marco Cecchinato","Nicolas Jarry",118,1,1,1,"C","NCTL",1,5,5.304,7.289,1,1.03343949044586,"cecchinato m.","jarry n.",1500,1536.76813280755,705
"2023-wimbledon-1104","wimbledon",2023,"0:12:03",23,"Marco Cecchinato","Nicolas Jarry",115,1,1,1,"BW","NCTL",1,5,2.577,3.419,1,1.00716560509554,"cecchinato m.","jarry n.",1500,1536.76813280755,723
"2023-wimbledon-1104","wimbledon",2023,"0:12:20",24,"Marco Cecchinato","Nicolas Jarry",105,1,1,2,"W","CTL",4,5,12.175,17.865,0,0.919585987261146,"cecchinato m.","jarry n.",1500,1536.76813280755,740
"2023-wimbledon-1104","wimbledon",2023,"0:13:00",25,"Marco Cecchinato","Nicolas Jarry",103,2,1,1,"B","NCTL",1,5,11.569,13.719,0,0.902070063694267,"cecchinato m.","jarry n.",1500,1536.76813280755,780
"2023-wimbledon-1104","wimbledon",2023,"0:13:30",26,"Marco Cecchinato","Nicolas Jarry",108,2,1,2,"BW","NCTL",8,5,25.778,27.404,1,0.945859872611465,"cecchinato m.","jarry n.",1500,1536.76813280755,810
"2023-wimbledon-1104","wimbledon",2023,"0:14:15",27,"Marco Cecchinato","Nicolas Jarry",120,1,1,1,"C","NCTL",3,5,10.072,12.694,1,1.05095541401274,"cecchinato m.","jarry n.",1500,1536.76813280755,855
"2023-wimbledon-1104","wimbledon",2023,"0:16:04",28,"Marco Cecchinato","Nicolas Jarry",126,1,2,2,"C","NCTL",1,6,9.836,7.129,0,1.01673640167364,"cecchinato m.","jarry n.",1500,1536.76813280755,964
"2023-wimbledon-1104","wimbledon",2023,"0:16:32",29,"Marco Cecchinato","Nicolas Jarry",95,2,2,1,"B","NCTL",2,6,6.715,6.212,0,0.76658696951584,"cecchinato m.","jarry n.",1500,1536.76813280755,992
"2023-wimbledon-1104","wimbledon",2023,"0:17:16",30,"Marco Cecchinato","Nicolas Jarry",113,1,2,2,"W","CTL",3,6,20.494,15.32,0,0.911835026897788,"cecchinato m.","jarry n.",1500,1536.76813280755,1036
"2023-wimbledon-1104","wimbledon",2023,"0:17:56",31,"Marco Cecchinato","Nicolas Jarry",123,1,2,2,"W","CTL",1,6,0.709,0.932,0,0.992528392109982,"cecchinato m.","jarry n.",1500,1536.76813280755,1076
"2023-wimbledon-1104","wimbledon",2023,"0:18:25",32,"Marco Cecchinato","Nicolas Jarry",103,2,2,1,"BC","CTL",4,6,11.921,13.176,0,0.831141661685595,"cecchinato m.","jarry n.",1500,1536.76813280755,1105
"2023-wimbledon-1104","wimbledon",2023,"0:19:08",33,"Marco Cecchinato","Nicolas Jarry",91,2,2,2,"BW","NCTL",5,6,23.72,17.69,1,0.734309623430962,"cecchinato m.","jarry n.",1500,1536.76813280755,1148
"2023-wimbledon-1104","wimbledon",2023,"0:20:19",34,"Marco Cecchinato","Nicolas Jarry",116,1,1,2,"C","NCTL",2,7,9.31,10.937,0,1.01592356687898,"cecchinato m.","jarry n.",1500,1536.76813280755,1219
"2023-wimbledon-1104","wimbledon",2023,"0:20:42",35,"Marco Cecchinato","Nicolas Jarry",96,2,1,1,"BW","NCTL",7,7,26.37,31.672,0,0.840764331210191,"cecchinato m.","jarry n.",1500,1536.76813280755,1242
"2023-wimbledon-1104","wimbledon",2023,"0:21:23",36,"Marco Cecchinato","Nicolas Jarry",103,1,1,1,"W","CTL",5,7,19.455,26.298,1,0.902070063694267,"cecchinato m.","jarry n.",1500,1536.76813280755,1283
"2023-wimbledon-1104","wimbledon",2023,"0:21:55",37,"Marco Cecchinato","Nicolas Jarry",100,2,1,1,"BW","NCTL",5,7,13.488,15.696,0,0.875796178343949,"cecchinato m.","jarry n.",1500,1536.76813280755,1315
"2023-wimbledon-1104","wimbledon",2023,"0:22:34",38,"Marco Cecchinato","Nicolas Jarry",103,2,1,1,"BW","NCTL",1,7,3.001,3.327,0,0.902070063694267,"cecchinato m.","jarry n.",1500,1536.76813280755,1354
"2023-wimbledon-1104","wimbledon",2023,"0:24:38",39,"Marco Cecchinato","Nicolas Jarry",120,2,2,1,"BC","NCTL",2,8,7.633,9.043,0,0.968320382546324,"cecchinato m.","jarry n.",1500,1536.76813280755,1478
"2023-wimbledon-1104","wimbledon",2023,"0:25:21",40,"Marco Cecchinato","Nicolas Jarry",129,1,2,2,"W","CTL",1,8,4.788,6.504,0,1.0409444112373,"cecchinato m.","jarry n.",1500,1536.76813280755,1521
"2023-wimbledon-1104","wimbledon",2023,"0:25:46",41,"Marco Cecchinato","Nicolas Jarry",132,1,2,1,"C","CTL",4,8,11.272,11.996,1,1.06515242080096,"cecchinato m.","jarry n.",1500,1536.76813280755,1546
"2023-wimbledon-1104","wimbledon",2023,"0:26:21",42,"Marco Cecchinato","Nicolas Jarry",119,1,2,2,"C","NCTL",1,8,8.885,8.44,0,0.960251046025105,"cecchinato m.","jarry n.",1500,1536.76813280755,1581
"2023-wimbledon-1104","wimbledon",2023,"0:26:56",43,"Marco Cecchinato","Nicolas Jarry",133,1,2,2,"C","NCTL",3,8,14.128,15.266,0,1.07322175732218,"cecchinato m.","jarry n.",1500,1536.76813280755,1616
"2023-wimbledon-1104","wimbledon",2023,"0:27:31",44,"Marco Cecchinato","Nicolas Jarry",118,1,2,2,"C","NCTL",3,8,20.446,12.179,0,0.952181709503885,"cecchinato m.","jarry n.",1500,1536.76813280755,1651
"2023-wimbledon-1104","wimbledon",2023,"0:28:14",45,"Marco Cecchinato","Nicolas Jarry",103,2,1,2,"B","NCTL",6,9,21.28,21.799,1,0.902070063694267,"cecchinato m.","jarry n.",1500,1536.76813280755,1694
"2023-wimbledon-1104","wimbledon",2023,"0:28:50",46,"Marco Cecchinato","Nicolas Jarry",115,1,1,1,"C","NCTL",1,9,5.011,7.507,1,1.00716560509554,"cecchinato m.","jarry n.",1500,1536.76813280755,1730
"2023-wimbledon-1104","wimbledon",2023,"0:29:08",47,"Marco Cecchinato","Nicolas Jarry",103,2,1,2,"BW","NCTL",2,9,7.269,7.741,1,0.902070063694267,"cecchinato m.","jarry n.",1500,1536.76813280755,1748
"2023-wimbledon-1104","wimbledon",2023,"0:29:41",48,"Marco Cecchinato","Nicolas Jarry",118,1,1,1,"C","CTL",3,9,16.696,13.768,1,1.03343949044586,"cecchinato m.","jarry n.",1500,1536.76813280755,1781
"2023-wimbledon-1104","wimbledon",2023,"0:30:14",49,"Marco Cecchinato","Nicolas Jarry",103,2,1,1,"W","CTL",1,9,2.863,4.067,0,0.902070063694267,"cecchinato m.","jarry n.",1500,1536.76813280755,1814
"2023-wimbledon-1104","wimbledon",2023,"0:30:51",50,"Marco Cecchinato","Nicolas Jarry",120,1,1,1,"BW","CTL",5,9,24.924,22.595,1,1.05095541401274,"cecchinato m.","jarry n.",1500,1536.76813280755,1851
"2023-wimbledon-1104","wimbledon",2023,"0:32:41",51,"Marco Cecchinato","Nicolas Jarry",109,1,2,1,"W","NCTL",4,10,13.311,11.394,1,0.879557680812911,"cecchinato m.","jarry n.",1500,1536.76813280755,1961
"2023-wimbledon-1104","wimbledon",2023,"0:33:14",52,"Marco Cecchinato","Nicolas Jarry",132,1,2,1,"BW","NCTL",10,10,44.267,41.87,1,1.06515242080096,"cecchinato m.","jarry n.",1500,1536.76813280755,1994
"2023-wimbledon-1104","wimbledon",2023,"0:34:04",53,"Marco Cecchinato","Nicolas Jarry",111,1,2,2,"W","NCTL",3,10,17.775,11.919,0,0.89569635385535,"cecchinato m.","jarry n.",1500,1536.76813280755,2044
"2023-wimbledon-1104","wimbledon",2023,"0:34:42",54,"Marco Cecchinato","Nicolas Jarry",104,2,2,1,"C","NCTL",2,10,9.585,5.415,0,0.839210998206814,"cecchinato m.","jarry n.",1500,1536.76813280755,2082
"2023-wimbledon-1104","wimbledon",2023,"0:35:26",55,"Marco Cecchinato","Nicolas Jarry",100,2,2,1,"BC","NCTL",4,10,19.186,12.935,0,0.806933652121937,"cecchinato m.","jarry n.",1500,1536.76813280755,2126
"2023-wimbledon-1104","wimbledon",2023,"0:37:35",56,"Marco Cecchinato","Nicolas Jarry",106,1,1,1,"W","CTL",1,1,5.798,6.413,1,0.928343949044586,"cecchinato m.","jarry n.",1500,1536.76813280755,2255
"2023-wimbledon-1104","wimbledon",2023,"0:38:20",58,"Marco Cecchinato","Nicolas Jarry",107,1,1,1,"W","CTL",1,1,3.854,3.837,1,0.937101910828025,"cecchinato m.","jarry n.",1500,1536.76813280755,2300
"2023-wimbledon-1104","wimbledon",2023,"0:38:39",59,"Marco Cecchinato","Nicolas Jarry",112,1,1,2,"C","NCTL",2,1,7.736,11.66,0,0.980891719745223,"cecchinato m.","jarry n.",1500,1536.76813280755,2319
"2023-wimbledon-1104","wimbledon",2023,"0:39:03",60,"Marco Cecchinato","Nicolas Jarry",99,2,1,2,"BC","NCTL",4,1,16.203,16.361,1,0.86703821656051,"cecchinato m.","jarry n.",1500,1536.76813280755,2343
"2023-wimbledon-1104","wimbledon",2023,"0:39:40",61,"Marco Cecchinato","Nicolas Jarry",105,2,1,2,"BC","NCTL",2,1,3.138,3.444,1,0.919585987261146,"cecchinato m.","jarry n.",1500,1536.76813280755,2380
"2023-wimbledon-1104","wimbledon",2023,"0:40:41",62,"Marco Cecchinato","Nicolas Jarry",127,1,2,1,"C","NCTL",2,2,6.273,5.626,1,1.02480573819486,"cecchinato m.","jarry n.",1500,1536.76813280755,2441
"2023-wimbledon-1104","wimbledon",2023,"0:41:11",63,"Marco Cecchinato","Nicolas Jarry",95,2,2,1,"BW","NCTL",2,2,8.184,8.165,0,0.76658696951584,"cecchinato m.","jarry n.",1500,1536.76813280755,2471
"2023-wimbledon-1104","wimbledon",2023,"0:41:54",64,"Marco Cecchinato","Nicolas Jarry",129,1,2,2,"C","NCTL",1,2,4.299,4.951,0,1.0409444112373,"cecchinato m.","jarry n.",1500,1536.76813280755,2514
"2023-wimbledon-1104","wimbledon",2023,"0:42:20",65,"Marco Cecchinato","Nicolas Jarry",91,2,2,2,"BW","NCTL",3,2,11.623,10.162,1,0.734309623430962,"cecchinato m.","jarry n.",1500,1536.76813280755,2540
"2023-wimbledon-1104","wimbledon",2023,"0:43:06",66,"Marco Cecchinato","Nicolas Jarry",128,1,2,2,"C","CTL",1,2,4.972,4.609,0,1.03287507471608,"cecchinato m.","jarry n.",1500,1536.76813280755,2586
"2023-wimbledon-1104","wimbledon",2023,"0:43:31",67,"Marco Cecchinato","Nicolas Jarry",125,1,2,2,"W","NCTL",5,2,16.008,13.632,0,1.00866706515242,"cecchinato m.","jarry n.",1500,1536.76813280755,2611
"2023-wimbledon-1104","wimbledon",2023,"0:44:09",68,"Marco Cecchinato","Nicolas Jarry",121,1,1,2,"C","NCTL",4,3,14.954,15.908,0,1.05971337579618,"cecchinato m.","jarry n.",1500,1536.76813280755,2649
"2023-wimbledon-1104","wimbledon",2023,"0:44:34",69,"Marco Cecchinato","Nicolas Jarry",114,1,1,1,"C","NCTL",3,3,14.845,13.3,1,0.998407643312102,"cecchinato m.","jarry n.",1500,1536.76813280755,2674
"2023-wimbledon-1104","wimbledon",2023,"0:45:01",70,"Marco Cecchinato","Nicolas Jarry",118,1,1,2,"BC","NCTL",6,3,24.135,23.907,0,1.03343949044586,"cecchinato m.","jarry n.",1500,1536.76813280755,2701
"2023-wimbledon-1104","wimbledon",2023,"0:45:33",71,"Marco Cecchinato","Nicolas Jarry",119,1,1,2,"BW","NCTL",4,3,11.377,20.98,0,1.0421974522293,"cecchinato m.","jarry n.",1500,1536.76813280755,2733
"2023-wimbledon-1104","wimbledon",2023,"0:46:02",72,"Marco Cecchinato","Nicolas Jarry",104,1,1,1,"W","CTL",3,3,13.146,21.679,1,0.910828025477707,"cecchinato m.","jarry n.",1500,1536.76813280755,2762
"2023-wimbledon-1104","wimbledon",2023,"0:46:30",73,"Marco Cecchinato","Nicolas Jarry",120,1,1,1,"BW","NCTL",5,3,16.06,17.707,1,1.05095541401274,"cecchinato m.","jarry n.",1500,1536.76813280755,2790
"2023-wimbledon-1104","wimbledon",2023,"0:46:59",74,"Marco Cecchinato","Nicolas Jarry",113,1,1,2,"BW","NCTL",8,3,32.487,33.983,0,0.989649681528662,"cecchinato m.","jarry n.",1500,1536.76813280755,2819
"2023-wimbledon-1104","wimbledon",2023,"0:47:34",75,"Marco Cecchinato","Nicolas Jarry",115,1,1,2,"BC","NCTL",6,3,19.869,17.332,0,1.00716560509554,"cecchinato m.","jarry n.",1500,1536.76813280755,2854
"2023-wimbledon-1104","wimbledon",2023,"0:49:29",76,"Marco Cecchinato","Nicolas Jarry",96,2,2,1,"B","NCTL",4,4,21.294,12.549,0,0.774656306037059,"cecchinato m.","jarry n.",1500,1536.76813280755,2969
"2023-wimbledon-1104","wimbledon",2023,"0:50:31",77,"Marco Cecchinato","Nicolas Jarry",128,1,2,2,"W","CTL",1,4,3.209,4.752,0,1.03287507471608,"cecchinato m.","jarry n.",1500,1536.76813280755,3031
"2023-wimbledon-1104","wimbledon",2023,"0:50:54",78,"Marco Cecchinato","Nicolas Jarry",110,1,2,2,"W","CTL",1,4,2.416,1.916,0,0.88762701733413,"cecchinato m.","jarry n.",1500,1536.76813280755,3054
"2023-wimbledon-1104","wimbledon",2023,"0:51:21",79,"Marco Cecchinato","Nicolas Jarry",93,2,2,2,"B","NCTL",1,4,3.511,3.444,1,0.750448296473401,"cecchinato m.","jarry n.",1500,1536.76813280755,3081
"2023-wimbledon-1104","wimbledon",2023,"0:51:58",80,"Marco Cecchinato","Nicolas Jarry",130,1,2,1,"C","NCTL",2,4,6.921,5.208,1,1.04901374775852,"cecchinato m.","jarry n.",1500,1536.76813280755,3118
"2023-wimbledon-1104","wimbledon",2023,"0:52:23",81,"Marco Cecchinato","Nicolas Jarry",129,1,2,2,"W","NCTL",1,4,5.489,8.461,0,1.0409444112373,"cecchinato m.","jarry n.",1500,1536.76813280755,3143
"2023-wimbledon-1104","wimbledon",2023,"0:52:58",82,"Marco Cecchinato","Nicolas Jarry",118,1,1,2,"C","NCTL",2,5,8.156,7.885,0,1.03343949044586,"cecchinato m.","jarry n.",1500,1536.76813280755,3178
"2023-wimbledon-1104","wimbledon",2023,"0:54:13",83,"Marco Cecchinato","Nicolas Jarry",116,1,1,1,"W","NCTL",5,5,17.173,28.403,1,1.01592356687898,"cecchinato m.","jarry n.",1500,1536.76813280755,3253
"2023-wimbledon-1104","wimbledon",2023,"0:54:45",84,"Marco Cecchinato","Nicolas Jarry",108,1,1,1,"W","CTL",1,5,3.412,4.828,1,0.945859872611465,"cecchinato m.","jarry n.",1500,1536.76813280755,3285
"2023-wimbledon-1104","wimbledon",2023,"0:55:09",85,"Marco Cecchinato","Nicolas Jarry",116,1,1,1,"C","CTL",1,5,1.623,2.521,1,1.01592356687898,"cecchinato m.","jarry n.",1500,1536.76813280755,3309
"2023-wimbledon-1104","wimbledon",2023,"0:55:29",86,"Marco Cecchinato","Nicolas Jarry",118,1,1,1,"C","CTL",1,5,13.337,12.707,1,1.03343949044586,"cecchinato m.","jarry n.",1500,1536.76813280755,3329
"2023-wimbledon-1105","wimbledon",2023,"0:00:00",1,"Alexander Zverev","Gijs Brouwer",80,2,2,2,"C","NCTL",15,1,49.354,58.532,1,0.727272727272727,"zverev a.","brouwer g.",1534.84115629176,1500,0
"2023-wimbledon-1105","wimbledon",2023,"0:00:50",2,"Alexander Zverev","Gijs Brouwer",116,1,2,2,"C","NCTL",1,1,1.12,0.516,0,1.05454545454545,"zverev a.","brouwer g.",1534.84115629176,1500,50
"2023-wimbledon-1105","wimbledon",2023,"0:01:09",3,"Alexander Zverev","Gijs Brouwer",91,2,2,2,"B","NCTL",1,1,9.605,8.523,1,0.827272727272727,"zverev a.","brouwer g.",1534.84115629176,1500,69
"2023-wimbledon-1105","wimbledon",2023,"0:01:39",4,"Alexander Zverev","Gijs Brouwer",95,2,2,1,"B","NCTL",2,1,11.264,11.025,0,0.863636363636364,"zverev a.","brouwer g.",1534.84115629176,1500,99
"2023-wimbledon-1105","wimbledon",2023,"0:02:08",5,"Alexander Zverev","Gijs Brouwer",112,1,2,2,"C","CTL",1,1,11.773,11.382,0,1.01818181818182,"zverev a.","brouwer g.",1534.84115629176,1500,128
"2023-wimbledon-1105","wimbledon",2023,"0:02:52",6,"Alexander Zverev","Gijs Brouwer",124,1,1,2,"W","NCTL",4,2,14.012,18.43,0,0.989188621811693,"zverev a.","brouwer g.",1534.84115629176,1500,172
"2023-wimbledon-1105","wimbledon",2023,"0:03:53",8,"Alexander Zverev","Gijs Brouwer",101,2,1,1,"C","NCTL",1,2,4.309,4.47,0,0.805710087120814,"zverev a.","brouwer g.",1534.84115629176,1500,233
"2023-wimbledon-1105","wimbledon",2023,"0:04:42",9,"Alexander Zverev","Gijs Brouwer",91,2,1,2,"BW","NCTL",2,2,10.658,10.561,1,0.725936811168259,"zverev a.","brouwer g.",1534.84115629176,1500,282
"2023-wimbledon-1105","wimbledon",2023,"0:05:34",10,"Alexander Zverev","Gijs Brouwer",133,1,1,1,"C","NCTL",3,2,6.175,6.644,1,1.06098457016899,"zverev a.","brouwer g.",1534.84115629176,1500,334
"2023-wimbledon-1105","wimbledon",2023,"0:06:13",11,"Alexander Zverev","Gijs Brouwer",85,2,1,1,"BW","NCTL",1,2,4.92,4.215,0,0.678072845596725,"zverev a.","brouwer g.",1534.84115629176,1500,373
"2023-wimbledon-1105","wimbledon",2023,"0:06:54",12,"Alexander Zverev","Gijs Brouwer",108,2,1,1,"C","NCTL",9,2,38.743,24.875,0,0.861551380287604,"zverev a.","brouwer g.",1534.84115629176,1500,414
"2023-wimbledon-1105","wimbledon",2023,"0:07:45",13,"Alexander Zverev","Gijs Brouwer",130,1,1,1,"C","CTL",1,2,0.76,0.659,1,1.03705258738323,"zverev a.","brouwer g.",1534.84115629176,1500,465
"2023-wimbledon-1105","wimbledon",2023,"0:08:14",14,"Alexander Zverev","Gijs Brouwer",99,2,2,2,"B","NCTL",5,3,24.234,22.421,1,0.9,"zverev a.","brouwer g.",1534.84115629176,1500,494
"2023-wimbledon-1105","wimbledon",2023,"0:08:51",15,"Alexander Zverev","Gijs Brouwer",118,1,2,2,"C","NCTL",3,3,27.225,15.143,0,1.07272727272727,"zverev a.","brouwer g.",1534.84115629176,1500,531
"2023-wimbledon-1105","wimbledon",2023,"0:09:13",16,"Alexander Zverev","Gijs Brouwer",113,1,2,1,"BC","NCTL",4,3,16.098,14.254,1,1.02727272727273,"zverev a.","brouwer g.",1534.84115629176,1500,553
"2023-wimbledon-1105","wimbledon",2023,"0:09:37",17,"Alexander Zverev","Gijs Brouwer",115,1,2,2,"B","CTL",3,3,9.904,7.633,0,1.04545454545455,"zverev a.","brouwer g.",1534.84115629176,1500,577
"2023-wimbledon-1105","wimbledon",2023,"0:11:36",19,"Alexander Zverev","Gijs Brouwer",123,1,1,1,"W","CTL",1,4,0.94,0.989,1,0.981211294216437,"zverev a.","brouwer g.",1534.84115629176,1500,696
"2023-wimbledon-1105","wimbledon",2023,"0:11:53",20,"Alexander Zverev","Gijs Brouwer",125,1,1,2,"C","NCTL",2,4,13.311,13.967,0,0.997165949406949,"zverev a.","brouwer g.",1534.84115629176,1500,713
"2023-wimbledon-1105","wimbledon",2023,"0:12:22",21,"Alexander Zverev","Gijs Brouwer",129,1,1,1,"C","CTL",1,4,4.539,6.059,1,1.02907525978797,"zverev a.","brouwer g.",1534.84115629176,1500,742
"2023-wimbledon-1105","wimbledon",2023,"0:12:54",22,"Alexander Zverev","Gijs Brouwer",125,1,1,1,"C","NCTL",1,4,4.163,5.344,1,0.997165949406949,"zverev a.","brouwer g.",1534.84115629176,1500,774
"2023-wimbledon-1105","wimbledon",2023,"0:13:11",23,"Alexander Zverev","Gijs Brouwer",119,1,1,1,"W","CTL",1,4,1.094,1.529,1,0.949301983835415,"zverev a.","brouwer g.",1534.84115629176,1500,791
"2023-wimbledon-1105","wimbledon",2023,"0:13:36",24,"Alexander Zverev","Gijs Brouwer",113,1,2,2,"W","CTL",1,5,5.971,5.899,0,1.02727272727273,"zverev a.","brouwer g.",1534.84115629176,1500,816
"2023-wimbledon-1105","wimbledon",2023,"0:13:55",25,"Alexander Zverev","Gijs Brouwer",98,2,2,2,"B","CTL",1,5,3.456,2.816,1,0.890909090909091,"zverev a.","brouwer g.",1534.84115629176,1500,835
"2023-wimbledon-1105","wimbledon",2023,"0:14:47",27,"Alexander Zverev","Gijs Brouwer",101,1,2,1,"BW","NCTL",2,5,9.622,6.324,1,0.918181818181818,"zverev a.","brouwer g.",1534.84115629176,1500,887
"2023-wimbledon-1105","wimbledon",2023,"0:15:11",28,"Alexander Zverev","Gijs Brouwer",100,1,2,2,"C","NCTL",3,5,9.68,9.309,0,0.909090909090909,"zverev a.","brouwer g.",1534.84115629176,1500,911
"2023-wimbledon-1105","wimbledon",2023,"0:15:34",29,"Alexander Zverev","Gijs Brouwer",115,1,2,2,"B","CTL",1,5,4.501,5.356,0,1.04545454545455,"zverev a.","brouwer g.",1534.84115629176,1500,934
"2023-wimbledon-1105","wimbledon",2023,"0:17:01",30,"Alexander Zverev","Gijs Brouwer",131,1,1,2,"BC","NCTL",4,6,12.563,11.675,0,1.04502991497848,"zverev a.","brouwer g.",1534.84115629176,1500,1021
"2023-wimbledon-1105","wimbledon",2023,"0:17:30",31,"Alexander Zverev","Gijs Brouwer",129,1,1,1,"C","CTL",3,6,14.084,14.28,1,1.02907525978797,"zverev a.","brouwer g.",1534.84115629176,1500,1050
"2023-wimbledon-1105","wimbledon",2023,"0:17:57",32,"Alexander Zverev","Gijs Brouwer",128,1,1,1,"BC","CTL",1,6,4.472,6.556,1,1.02109793219272,"zverev a.","brouwer g.",1534.84115629176,1500,1077
"2023-wimbledon-1105","wimbledon",2023,"0:18:12",33,"Alexander Zverev","Gijs Brouwer",122,1,1,1,"W","NCTL",1,6,0.692,1.064,1,0.973233966621182,"zverev a.","brouwer g.",1534.84115629176,1500,1092
"2023-wimbledon-1105","wimbledon",2023,"0:18:29",34,"Alexander Zverev","Gijs Brouwer",103,2,1,2,"BW","NCTL",2,6,7.177,7.75,1,0.821664742311326,"zverev a.","brouwer g.",1534.84115629176,1500,1109
"2023-wimbledon-1105","wimbledon",2023,"0:19:10",35,"Alexander Zverev","Gijs Brouwer",99,2,1,1,"BW","NCTL",5,6,12.461,16.705,0,0.789755431930303,"zverev a.","brouwer g.",1534.84115629176,1500,1150
"2023-wimbledon-1105","wimbledon",2023,"0:20:00",36,"Alexander Zverev","Gijs Brouwer",114,1,2,1,"BC","NCTL",16,7,56.239,47.969,1,1.03636363636364,"zverev a.","brouwer g.",1534.84115629176,1500,1200
"2023-wimbledon-1105","wimbledon",2023,"0:20:56",37,"Alexander Zverev","Gijs Brouwer",118,1,2,2,"C","NCTL",1,7,4.989,3.701,0,1.07272727272727,"zverev a.","brouwer g.",1534.84115629176,1500,1256
"2023-wimbledon-1105","wimbledon",2023,"0:21:37",38,"Alexander Zverev","Gijs Brouwer",71,2,2,1,"B","NCTL",2,7,7.235,5.266,0,0.645454545454546,"zverev a.","brouwer g.",1534.84115629176,1500,1297
"2023-wimbledon-1105","wimbledon",2023,"0:21:51",39,"Alexander Zverev","Gijs Brouwer",116,1,2,2,"C","NCTL",3,7,11.733,11.24,0,1.05454545454545,"zverev a.","brouwer g.",1534.84115629176,1500,1311
"2023-wimbledon-1105","wimbledon",2023,"0:22:13",40,"Alexander Zverev","Gijs Brouwer",114,1,2,2,"C","NCTL",5,7,30.691,21.57,0,1.03636363636364,"zverev a.","brouwer g.",1534.84115629176,1500,1333
"2023-wimbledon-1105","wimbledon",2023,"0:22:44",41,"Alexander Zverev","Gijs Brouwer",104,1,2,1,"W","CTL",4,7,25.421,15.673,1,0.945454545454545,"zverev a.","brouwer g.",1534.84115629176,1500,1364
"2023-wimbledon-1105","wimbledon",2023,"0:23:12",42,"Alexander Zverev","Gijs Brouwer",114,1,2,2,"BW","NCTL",3,7,9.838,6.269,0,1.03636363636364,"zverev a.","brouwer g.",1534.84115629176,1500,1392
"2023-wimbledon-1105","wimbledon",2023,"0:23:35",43,"Alexander Zverev","Gijs Brouwer",106,1,2,1,"B","CTL",2,7,13.976,13.061,1,0.963636363636364,"zverev a.","brouwer g.",1534.84115629176,1500,1415
"2023-wimbledon-1105","wimbledon",2023,"0:24:00",44,"Alexander Zverev","Gijs Brouwer",92,2,2,1,"BC","NCTL",4,7,16.565,11.145,0,0.836363636363636,"zverev a.","brouwer g.",1534.84115629176,1500,1440
"2023-wimbledon-1105","wimbledon",2023,"0:24:40",45,"Alexander Zverev","Gijs Brouwer",98,2,2,2,"B","CTL",11,7,53.812,38.426,1,0.890909090909091,"zverev a.","brouwer g.",1534.84115629176,1500,1480
"2023-wimbledon-1105","wimbledon",2023,"0:25:30",46,"Alexander Zverev","Gijs Brouwer",112,1,2,1,"C","NCTL",2,7,9.538,6.981,1,1.01818181818182,"zverev a.","brouwer g.",1534.84115629176,1500,1530
"2023-wimbledon-1105","wimbledon",2023,"0:25:55",47,"Alexander Zverev","Gijs Brouwer",90,2,2,1,"BW","NCTL",2,7,17.503,6.352,0,0.818181818181818,"zverev a.","brouwer g.",1534.84115629176,1500,1555
"2023-wimbledon-1105","wimbledon",2023,"0:28:26",48,"Alexander Zverev","Gijs Brouwer",109,2,1,1,"BW","NCTL",5,8,14.56,18.738,0,0.869528707882859,"zverev a.","brouwer g.",1534.84115629176,1500,1706
"2023-wimbledon-1105","wimbledon",2023,"0:29:11",49,"Alexander Zverev","Gijs Brouwer",128,1,1,1,"BW","CTL",1,8,4.355,5.476,1,1.02109793219272,"zverev a.","brouwer g.",1534.84115629176,1500,1751
"2023-wimbledon-1105","wimbledon",2023,"0:29:28",50,"Alexander Zverev","Gijs Brouwer",125,1,1,1,"BW","NCTL",3,8,9.646,10.076,1,0.997165949406949,"zverev a.","brouwer g.",1534.84115629176,1500,1768
"2023-wimbledon-1105","wimbledon",2023,"0:29:52",51,"Alexander Zverev","Gijs Brouwer",128,1,1,2,"BC","NCTL",4,8,11.812,13.663,0,1.02109793219272,"zverev a.","brouwer g.",1534.84115629176,1500,1792
"2023-wimbledon-1105","wimbledon",2023,"0:31:00",53,"Alexander Zverev","Gijs Brouwer",123,1,1,1,"W","NCTL",1,8,5.049,5.318,1,0.981211294216437,"zverev a.","brouwer g.",1534.84115629176,1500,1860
"2023-wimbledon-1105","wimbledon",2023,"0:31:30",54,"Alexander Zverev","Gijs Brouwer",112,1,2,2,"W","CTL",1,9,1.12,0.674,0,1.01818181818182,"zverev a.","brouwer g.",1534.84115629176,1500,1890
"2023-wimbledon-1105","wimbledon",2023,"0:32:02",55,"Alexander Zverev","Gijs Brouwer",106,1,2,2,"BW","NCTL",7,9,16.457,17.186,0,0.963636363636364,"zverev a.","brouwer g.",1534.84115629176,1500,1922
"2023-wimbledon-1105","wimbledon",2023,"0:32:47",56,"Alexander Zverev","Gijs Brouwer",112,1,2,1,"BC","NCTL",2,9,7.877,5.418,1,1.01818181818182,"zverev a.","brouwer g.",1534.84115629176,1500,1967
"2023-wimbledon-1105","wimbledon",2023,"0:33:09",57,"Alexander Zverev","Gijs Brouwer",119,1,2,2,"BC","CTL",1,9,6.688,8.042,0,1.08181818181818,"zverev a.","brouwer g.",1534.84115629176,1500,1989
"2023-wimbledon-1105","wimbledon",2023,"0:33:52",59,"Alexander Zverev","Gijs Brouwer",95,1,2,2,"W","NCTL",1,9,5.514,4.236,0,0.863636363636364,"zverev a.","brouwer g.",1534.84115629176,1500,2032
"2023-wimbledon-1105","wimbledon",2023,"0:35:15",60,"Alexander Zverev","Gijs Brouwer",100,2,1,2,"BW","NCTL",2,10,8.889,7.15,1,0.797732759525559,"zverev a.","brouwer g.",1534.84115629176,1500,2115
"2023-wimbledon-1105","wimbledon",2023,"0:35:51",61,"Alexander Zverev","Gijs Brouwer",132,1,1,1,"BW","CTL",9,10,24.5,27.626,1,1.05300724257374,"zverev a.","brouwer g.",1534.84115629176,1500,2151
"2023-wimbledon-1105","wimbledon",2023,"0:36:26",62,"Alexander Zverev","Gijs Brouwer",120,1,1,1,"BW","CTL",1,10,3.366,3.692,1,0.957279311430671,"zverev a.","brouwer g.",1534.84115629176,1500,2186
"2023-wimbledon-1105","wimbledon",2023,"0:36:44",63,"Alexander Zverev","Gijs Brouwer",125,1,1,1,"C","NCTL",3,10,7.536,9.177,1,0.997165949406949,"zverev a.","brouwer g.",1534.84115629176,1500,2204
"2023-wimbledon-1105","wimbledon",2023,"0:37:05",64,"Alexander Zverev","Gijs Brouwer",124,1,1,2,"BC","NCTL",6,10,19.38,19.681,0,0.989188621811693,"zverev a.","brouwer g.",1534.84115629176,1500,2225
"2023-wimbledon-1105","wimbledon",2023,"0:37:31",65,"Alexander Zverev","Gijs Brouwer",122,1,1,1,"C","NCTL",1,10,0.819,0.855,1,0.973233966621182,"zverev a.","brouwer g.",1534.84115629176,1500,2251
"2023-wimbledon-1105","wimbledon",2023,"0:39:32",66,"Alexander Zverev","Gijs Brouwer",110,1,2,2,"W","CTL",1,1,6.321,4.218,0,1,"zverev a.","brouwer g.",1534.84115629176,1500,2372
"2023-wimbledon-1105","wimbledon",2023,"0:39:50",67,"Alexander Zverev","Gijs Brouwer",95,2,2,1,"B","NCTL",2,1,11.974,4.506,0,0.863636363636364,"zverev a.","brouwer g.",1534.84115629176,1500,2390
"2023-wimbledon-1105","wimbledon",2023,"0:40:25",68,"Alexander Zverev","Gijs Brouwer",115,1,2,2,"W","CTL",1,1,1.333,0.552,0,1.04545454545455,"zverev a.","brouwer g.",1534.84115629176,1500,2425
"2023-wimbledon-1105","wimbledon",2023,"0:40:40",69,"Alexander Zverev","Gijs Brouwer",95,2,2,2,"B","NCTL",3,1,9.127,8.81,1,0.863636363636364,"zverev a.","brouwer g.",1534.84115629176,1500,2440
"2023-wimbledon-1105","wimbledon",2023,"0:41:10",70,"Alexander Zverev","Gijs Brouwer",117,1,2,2,"C","NCTL",3,1,16.716,11.727,0,1.06363636363636,"zverev a.","brouwer g.",1534.84115629176,1500,2470
"2023-wimbledon-1105","wimbledon",2023,"0:41:58",71,"Alexander Zverev","Gijs Brouwer",122,1,1,1,"BW","NCTL",1,2,5.232,5.444,1,0.973233966621182,"zverev a.","brouwer g.",1534.84115629176,1500,2518
"2023-wimbledon-1105","wimbledon",2023,"0:42:14",72,"Alexander Zverev","Gijs Brouwer",125,1,1,1,"C","CTL",1,2,4.617,5.907,1,0.997165949406949,"zverev a.","brouwer g.",1534.84115629176,1500,2534
"2023-wimbledon-1105","wimbledon",2023,"0:42:31",73,"Alexander Zverev","Gijs Brouwer",133,1,1,1,"C","CTL",5,2,17.523,20.78,1,1.06098457016899,"zverev a.","brouwer g.",1534.84115629176,1500,2551
"2023-wimbledon-1105","wimbledon",2023,"0:42:54",74,"Alexander Zverev","Gijs Brouwer",126,1,1,1,"W","CTL",5,2,22.409,27.599,1,1.0051432770022,"zverev a.","brouwer g.",1534.84115629176,1500,2574
"2023-wimbledon-1105","wimbledon",2023,"0:43:27",75,"Alexander Zverev","Gijs Brouwer",91,2,2,2,"BW","NCTL",21,3,70.312,75.42,1,0.827272727272727,"zverev a.","brouwer g.",1534.84115629176,1500,2607
"2023-wimbledon-1105","wimbledon",2023,"0:44:29",76,"Alexander Zverev","Gijs Brouwer",88,2,2,1,"B","NCTL",4,3,16.849,16.055,0,0.8,"zverev a.","brouwer g.",1534.84115629176,1500,2669
"2023-wimbledon-1105","wimbledon",2023,"0:45:08",77,"Alexander Zverev","Gijs Brouwer",94,2,2,2,"B","NCTL",3,3,7.333,7.709,1,0.854545454545454,"zverev a.","brouwer g.",1534.84115629176,1500,2708
"2023-wimbledon-1105","wimbledon",2023,"0:45:42",78,"Alexander Zverev","Gijs Brouwer",115,1,2,2,"BC","NCTL",9,3,29.329,30.81,0,1.04545454545455,"zverev a.","brouwer g.",1534.84115629176,1500,2742
"2023-wimbledon-1105","wimbledon",2023,"0:46:13",79,"Alexander Zverev","Gijs Brouwer",114,1,2,2,"W","CTL",3,3,16.428,9.807,0,1.03636363636364,"zverev a.","brouwer g.",1534.84115629176,1500,2773
"2023-wimbledon-1105","wimbledon",2023,"0:47:40",80,"Alexander Zverev","Gijs Brouwer",97,2,1,1,"B","NCTL",1,4,11.7,13.438,0,0.773800776739792,"zverev a.","brouwer g.",1534.84115629176,1500,2860
"2023-wimbledon-1105","wimbledon",2023,"0:48:14",81,"Alexander Zverev","Gijs Brouwer",127,1,1,1,"C","NCTL",1,4,1.435,2.682,1,1.01312060459746,"zverev a.","brouwer g.",1534.84115629176,1500,2894
"2023-wimbledon-1105","wimbledon",2023,"0:48:35",82,"Alexander Zverev","Gijs Brouwer",100,2,1,1,"BC","NCTL",3,4,7.516,7.388,0,0.797732759525559,"zverev a.","brouwer g.",1534.84115629176,1500,2915
"2023-wimbledon-1105","wimbledon",2023,"0:49:26",83,"Alexander Zverev","Gijs Brouwer",125,1,1,2,"BW","NCTL",6,4,20.121,21.085,0,0.997165949406949,"zverev a.","brouwer g.",1534.84115629176,1500,2966
"2023-wimbledon-1105","wimbledon",2023,"0:49:53",84,"Alexander Zverev","Gijs Brouwer",107,2,1,2,"BC","NCTL",6,4,27.872,19.563,1,0.853574052692348,"zverev a.","brouwer g.",1534.84115629176,1500,2993
"2023-wimbledon-1105","wimbledon",2023,"0:50:48",85,"Alexander Zverev","Gijs Brouwer",107,2,1,1,"C","NCTL",11,4,42.119,41.712,0,0.853574052692348,"zverev a.","brouwer g.",1534.84115629176,1500,3048
"2023-wimbledon-1105","wimbledon",2023,"0:52:22",86,"Alexander Zverev","Gijs Brouwer",115,1,2,1,"BC","NCTL",4,5,21.623,16.633,1,1.04545454545455,"zverev a.","brouwer g.",1534.84115629176,1500,3142
"2023-wimbledon-1105","wimbledon",2023,"0:52:45",87,"Alexander Zverev","Gijs Brouwer",107,1,2,2,"W","CTL",1,5,12.142,8.598,0,0.972727272727273,"zverev a.","brouwer g.",1534.84115629176,1500,3165
"2023-wimbledon-1105","wimbledon",2023,"0:53:05",88,"Alexander Zverev","Gijs Brouwer",119,1,2,2,"C","NCTL",1,5,7.139,5.831,0,1.08181818181818,"zverev a.","brouwer g.",1534.84115629176,1500,3185
"2023-wimbledon-1105","wimbledon",2023,"0:53:24",89,"Alexander Zverev","Gijs Brouwer",118,1,2,1,"C","NCTL",4,5,20.795,16.71,1,1.07272727272727,"zverev a.","brouwer g.",1534.84115629176,1500,3204
"2023-wimbledon-1105","wimbledon",2023,"0:53:55",90,"Alexander Zverev","Gijs Brouwer",119,1,2,2,"C","CTL",7,5,24.867,16.505,0,1.08181818181818,"zverev a.","brouwer g.",1534.84115629176,1500,3235
"2023-wimbledon-1105","wimbledon",2023,"0:54:22",91,"Alexander Zverev","Gijs Brouwer",104,1,2,2,"W","CTL",3,5,13.477,10.277,0,0.945454545454545,"zverev a.","brouwer g.",1534.84115629176,1500,3262
"2023-wimbledon-1105","wimbledon",2023,"0:56:00",92,"Alexander Zverev","Gijs Brouwer",130,1,1,1,"C","NCTL",11,6,47.826,49.553,1,1.03705258738323,"zverev a.","brouwer g.",1534.84115629176,1500,3360
"2023-wimbledon-1105","wimbledon",2023,"0:56:40",93,"Alexander Zverev","Gijs Brouwer",126,1,1,1,"W","CTL",3,6,13.124,13.804,1,1.0051432770022,"zverev a.","brouwer g.",1534.84115629176,1500,3400
"2023-wimbledon-1105","wimbledon",2023,"0:57:08",94,"Alexander Zverev","Gijs Brouwer",123,1,1,2,"BW","NCTL",4,6,4.273,5.154,0,0.981211294216437,"zverev a.","brouwer g.",1534.84115629176,1500,3428
"2023-wimbledon-1105","wimbledon",2023,"0:58:04",95,"Alexander Zverev","Gijs Brouwer",107,2,1,1,"B","CTL",3,6,8.909,12.898,0,0.853574052692348,"zverev a.","brouwer g.",1534.84115629176,1500,3484
"2023-wimbledon-1105","wimbledon",2023,"0:58:39",96,"Alexander Zverev","Gijs Brouwer",112,2,1,1,"BC","NCTL",3,6,9.749,13.688,0,0.893460690668626,"zverev a.","brouwer g.",1534.84115629176,1500,3519
"2023-wimbledon-1105","wimbledon",2023,"0:59:51",97,"Alexander Zverev","Gijs Brouwer",107,1,2,2,"C","NCTL",1,7,0.78,0.6,0,0.972727272727273,"zverev a.","brouwer g.",1534.84115629176,1500,3591
"2023-wimbledon-1105","wimbledon",2023,"1:00:06",98,"Alexander Zverev","Gijs Brouwer",96,1,2,2,"BW","NCTL",3,7,9.106,5.704,0,0.872727272727273,"zverev a.","brouwer g.",1534.84115629176,1500,3606
"2023-wimbledon-1105","wimbledon",2023,"1:00:26",99,"Alexander Zverev","Gijs Brouwer",113,1,2,1,"C","NCTL",4,7,23.65,21.776,1,1.02727272727273,"zverev a.","brouwer g.",1534.84115629176,1500,3626
"2023-wimbledon-1105","wimbledon",2023,"1:00:52",100,"Alexander Zverev","Gijs Brouwer",120,1,2,2,"C","NCTL",1,7,1.043,0.702,0,1.09090909090909,"zverev a.","brouwer g.",1534.84115629176,1500,3652
"2023-wimbledon-1105","wimbledon",2023,"1:01:06",101,"Alexander Zverev","Gijs Brouwer",102,1,2,2,"C","NCTL",3,7,11.581,11.683,0,0.927272727272727,"zverev a.","brouwer g.",1534.84115629176,1500,3666
"2023-wimbledon-1105","wimbledon",2023,"1:02:50",102,"Alexander Zverev","Gijs Brouwer",107,2,1,1,"W","CTL",5,8,25.013,22.364,0,0.853574052692348,"zverev a.","brouwer g.",1534.84115629176,1500,3770
"2023-wimbledon-1105","wimbledon",2023,"1:03:40",103,"Alexander Zverev","Gijs Brouwer",129,1,1,1,"BW","NCTL",1,8,0.665,1.37,1,1.02907525978797,"zverev a.","brouwer g.",1534.84115629176,1500,3820
"2023-wimbledon-1105","wimbledon",2023,"1:04:02",104,"Alexander Zverev","Gijs Brouwer",127,1,1,1,"W","CTL",5,8,18.037,23.986,1,1.01312060459746,"zverev a.","brouwer g.",1534.84115629176,1500,3842
"2023-wimbledon-1105","wimbledon",2023,"1:04:31",105,"Alexander Zverev","Gijs Brouwer",127,1,1,1,"C","CTL",1,8,0.865,1.19,1,1.01312060459746,"zverev a.","brouwer g.",1534.84115629176,1500,3871
"2023-wimbledon-1105","wimbledon",2023,"1:05:02",106,"Alexander Zverev","Gijs Brouwer",113,1,2,2,"W","CTL",3,9,11.92,6.236,0,1.02727272727273,"zverev a.","brouwer g.",1534.84115629176,1500,3902
"2023-wimbledon-1105","wimbledon",2023,"1:05:25",107,"Alexander Zverev","Gijs Brouwer",87,2,2,2,"BW","NCTL",3,9,16.751,13.804,1,0.790909090909091,"zverev a.","brouwer g.",1534.84115629176,1500,3925
"2023-wimbledon-1105","wimbledon",2023,"1:05:58",108,"Alexander Zverev","Gijs Brouwer",114,1,2,1,"C","NCTL",2,9,9.154,6.322,1,1.03636363636364,"zverev a.","brouwer g.",1534.84115629176,1500,3958
"2023-wimbledon-1105","wimbledon",2023,"1:06:20",109,"Alexander Zverev","Gijs Brouwer",103,1,2,2,"W","NCTL",1,9,8.155,3.961,0,0.936363636363636,"zverev a.","brouwer g.",1534.84115629176,1500,3980
"2023-wimbledon-1105","wimbledon",2023,"1:06:37",110,"Alexander Zverev","Gijs Brouwer",95,2,2,1,"BC","NCTL",12,9,42.987,44.248,0,0.863636363636364,"zverev a.","brouwer g.",1534.84115629176,1500,3997
"2023-wimbledon-1105","wimbledon",2023,"1:07:28",111,"Alexander Zverev","Gijs Brouwer",102,1,2,2,"W","CTL",1,9,7.75,3.531,0,0.927272727272727,"zverev a.","brouwer g.",1534.84115629176,1500,4048
"2023-wimbledon-1105","wimbledon",2023,"1:09:02",112,"Alexander Zverev","Gijs Brouwer",121,1,1,1,"W","CTL",1,10,5.713,6.296,1,0.965256639025926,"zverev a.","brouwer g.",1534.84115629176,1500,4142
"2023-wimbledon-1105","wimbledon",2023,"1:09:20",113,"Alexander Zverev","Gijs Brouwer",124,1,1,1,"C","NCTL",3,10,14.362,15.992,1,0.989188621811693,"zverev a.","brouwer g.",1534.84115629176,1500,4160
"2023-wimbledon-1105","wimbledon",2023,"1:09:44",114,"Alexander Zverev","Gijs Brouwer",106,2,1,2,"B","NCTL",4,10,13.126,15.881,1,0.845596725097092,"zverev a.","brouwer g.",1534.84115629176,1500,4184
"2023-wimbledon-1105","wimbledon",2023,"1:10:39",115,"Alexander Zverev","Gijs Brouwer",109,2,1,2,"C","CTL",4,10,15.371,16.043,1,0.869528707882859,"zverev a.","brouwer g.",1534.84115629176,1500,4239
"2023-wimbledon-1105","wimbledon",2023,"1:11:47",116,"Alexander Zverev","Gijs Brouwer",128,1,1,1,"C","CTL",1,10,0.781,1.034,1,1.02109793219272,"zverev a.","brouwer g.",1534.84115629176,1500,4307
"2023-wimbledon-1105","wimbledon",2023,"1:12:09",117,"Alexander Zverev","Gijs Brouwer",128,1,1,1,"C","NCTL",1,10,6.459,7.59,1,1.02109793219272,"zverev a.","brouwer g.",1534.84115629176,1500,4329
"2023-wimbledon-1105","wimbledon",2023,"1:12:39",118,"Alexander Zverev","Gijs Brouwer",111,1,2,1,"C","NCTL",2,11,13.655,10.413,1,1.00909090909091,"zverev a.","brouwer g.",1534.84115629176,1500,4359
"2023-wimbledon-1105","wimbledon",2023,"1:13:02",119,"Alexander Zverev","Gijs Brouwer",93,2,2,2,"B","NCTL",7,11,23.067,27.472,1,0.845454545454545,"zverev a.","brouwer g.",1534.84115629176,1500,4382
"2023-wimbledon-1105","wimbledon",2023,"1:13:52",120,"Alexander Zverev","Gijs Brouwer",118,1,2,2,"W","CTL",1,11,4.219,3.789,0,1.07272727272727,"zverev a.","brouwer g.",1534.84115629176,1500,4432
"2023-wimbledon-1105","wimbledon",2023,"1:14:09",121,"Alexander Zverev","Gijs Brouwer",117,1,2,2,"C","CTL",1,11,1.386,0.763,0,1.06363636363636,"zverev a.","brouwer g.",1534.84115629176,1500,4449
"2023-wimbledon-1105","wimbledon",2023,"1:14:27",122,"Alexander Zverev","Gijs Brouwer",99,2,2,2,"C","NCTL",3,11,12.696,13.678,1,0.9,"zverev a.","brouwer g.",1534.84115629176,1500,4467
"2023-wimbledon-1105","wimbledon",2023,"1:16:06",123,"Alexander Zverev","Gijs Brouwer",122,1,1,1,"W","NCTL",1,12,0.719,0.851,1,0.973233966621182,"zverev a.","brouwer g.",1534.84115629176,1500,4566
"2023-wimbledon-1105","wimbledon",2023,"1:16:22",124,"Alexander Zverev","Gijs Brouwer",126,1,1,2,"C","NCTL",2,12,7.185,8.4,0,1.0051432770022,"zverev a.","brouwer g.",1534.84115629176,1500,4582
"2023-wimbledon-1105","wimbledon",2023,"1:17:26",126,"Alexander Zverev","Gijs Brouwer",91,2,1,1,"B","NCTL",1,12,9.745,7.87,0,0.725936811168259,"zverev a.","brouwer g.",1534.84115629176,1500,4646
"2023-wimbledon-1105","wimbledon",2023,"1:18:13",127,"Alexander Zverev","Gijs Brouwer",102,2,1,2,"C","NCTL",2,12,12.624,14.204,1,0.81368741471607,"zverev a.","brouwer g.",1534.84115629176,1500,4693
"2023-wimbledon-1105","wimbledon",2023,"1:19:07",128,"Alexander Zverev","Gijs Brouwer",130,1,1,1,"C","CTL",1,12,39.862,15.364,1,1.03705258738323,"zverev a.","brouwer g.",1534.84115629176,1500,4747
"2023-wimbledon-1105","wimbledon",2023,"1:19:32",129,"Alexander Zverev","Gijs Brouwer",118,1,1,2,"W","CTL",4,12,16.69,18.948,0,0.941324656240159,"zverev a.","brouwer g.",1534.84115629176,1500,4772
"2023-wimbledon-1105","wimbledon",2023,"1:20:07",130,"Alexander Zverev","Gijs Brouwer",124,1,1,1,"C","NCTL",7,12,21.671,28.114,1,0.989188621811693,"zverev a.","brouwer g.",1534.84115629176,1500,4807
"2023-wimbledon-1105","wimbledon",2023,"1:20:51",131,"Alexander Zverev","Gijs Brouwer",125,1,1,1,"BW","CTL",1,12,2.116,2.678,1,0.997165949406949,"zverev a.","brouwer g.",1534.84115629176,1500,4851
"2023-wimbledon-1105","wimbledon",2023,"1:21:15",132,"Alexander Zverev","Gijs Brouwer",85,2,1,1,"B","NCTL",1,12,3.727,4.307,0,0.678072845596725,"zverev a.","brouwer g.",1534.84115629176,1500,4875
"2023-wimbledon-1105","wimbledon",2023,"1:22:27",133,"Alexander Zverev","Gijs Brouwer",115,1,2,2,"BC","NCTL",17,13,60.714,61.45,0,1.04545454545455,"zverev a.","brouwer g.",1534.84115629176,1500,4947
"2023-wimbledon-1105","wimbledon",2023,"1:23:23",134,"Alexander Zverev","Gijs Brouwer",123,1,1,1,"W","CTL",1,13,0.852,1.011,1,0.981211294216437,"zverev a.","brouwer g.",1534.84115629176,1500,5003
"2023-wimbledon-1105","wimbledon",2023,"1:23:49",135,"Alexander Zverev","Gijs Brouwer",97,2,1,1,"B","NCTL",1,13,4.359,4.684,0,0.773800776739792,"zverev a.","brouwer g.",1534.84115629176,1500,5029
"2023-wimbledon-1105","wimbledon",2023,"1:24:32",136,"Alexander Zverev","Gijs Brouwer",96,2,2,2,"W","CTL",5,13,28.888,25.047,1,0.872727272727273,"zverev a.","brouwer g.",1534.84115629176,1500,5072
"2023-wimbledon-1105","wimbledon",2023,"1:25:11",137,"Alexander Zverev","Gijs Brouwer",117,1,2,1,"W","CTL",4,13,17.351,16.659,1,1.06363636363636,"zverev a.","brouwer g.",1534.84115629176,1500,5111
"2023-wimbledon-1105","wimbledon",2023,"1:25:48",138,"Alexander Zverev","Gijs Brouwer",126,1,1,2,"C","NCTL",4,13,24.188,15.455,0,1.0051432770022,"zverev a.","brouwer g.",1534.84115629176,1500,5148
"2023-wimbledon-1105","wimbledon",2023,"1:26:40",139,"Alexander Zverev","Gijs Brouwer",129,1,1,1,"C","NCTL",1,13,0.622,0.916,1,1.02907525978797,"zverev a.","brouwer g.",1534.84115629176,1500,5200
"2023-wimbledon-1105","wimbledon",2023,"1:27:04",140,"Alexander Zverev","Gijs Brouwer",100,1,2,1,"W","CTL",2,13,13.018,5.944,1,0.909090909090909,"zverev a.","brouwer g.",1534.84115629176,1500,5224
"2023-wimbledon-1105","wimbledon",2023,"1:27:28",141,"Alexander Zverev","Gijs Brouwer",85,2,2,2,"BC","NCTL",5,13,20.056,19.391,1,0.772727272727273,"zverev a.","brouwer g.",1534.84115629176,1500,5248
"2023-wimbledon-1105","wimbledon",2023,"1:28:16",142,"Alexander Zverev","Gijs Brouwer",103,2,1,1,"BC","NCTL",1,13,5.321,6.936,0,0.821664742311326,"zverev a.","brouwer g.",1534.84115629176,1500,5296
"2023-wimbledon-1105","wimbledon",2023,"1:28:56",143,"Alexander Zverev","Gijs Brouwer",134,1,1,1,"C","NCTL",1,13,0.793,0.823,1,1.06896189776425,"zverev a.","brouwer g.",1534.84115629176,1500,5336
"2023-wimbledon-1105","wimbledon",2023,"1:31:09",144,"Alexander Zverev","Gijs Brouwer",117,1,1,1,"W","CTL",1,1,3.319,3.35,1,0.933347328644904,"zverev a.","brouwer g.",1534.84115629176,1500,5469
"2023-wimbledon-1105","wimbledon",2023,"1:31:25",145,"Alexander Zverev","Gijs Brouwer",119,1,1,1,"BC","NCTL",1,1,2.925,3.928,1,0.949301983835415,"zverev a.","brouwer g.",1534.84115629176,1500,5485
"2023-wimbledon-1105","wimbledon",2023,"1:31:45",146,"Alexander Zverev","Gijs Brouwer",105,2,1,1,"B","NCTL",3,1,9.44,10.445,0,0.837619397501837,"zverev a.","brouwer g.",1534.84115629176,1500,5505
"2023-wimbledon-1105","wimbledon",2023,"1:32:23",147,"Alexander Zverev","Gijs Brouwer",109,2,1,1,"BC","CTL",5,1,16.932,17.243,0,0.869528707882859,"zverev a.","brouwer g.",1534.84115629176,1500,5543
"2023-wimbledon-1105","wimbledon",2023,"1:33:25",148,"Alexander Zverev","Gijs Brouwer",115,1,2,1,"C","NCTL",2,2,9.412,9.703,1,1.04545454545455,"zverev a.","brouwer g.",1534.84115629176,1500,5605
"2023-wimbledon-1105","wimbledon",2023,"1:33:44",149,"Alexander Zverev","Gijs Brouwer",116,1,2,2,"C","NCTL",1,2,1.598,0.925,0,1.05454545454545,"zverev a.","brouwer g.",1534.84115629176,1500,5624
"2023-wimbledon-1105","wimbledon",2023,"1:33:59",150,"Alexander Zverev","Gijs Brouwer",114,1,2,2,"W","NCTL",1,2,7.491,6.913,0,1.03636363636364,"zverev a.","brouwer g.",1534.84115629176,1500,5639
"2023-wimbledon-1105","wimbledon",2023,"1:34:17",151,"Alexander Zverev","Gijs Brouwer",94,1,2,2,"W","CTL",1,2,6.343,7.649,0,0.854545454545454,"zverev a.","brouwer g.",1534.84115629176,1500,5657
"2023-wimbledon-1105","wimbledon",2023,"1:34:35",152,"Alexander Zverev","Gijs Brouwer",112,1,2,2,"C","NCTL",1,2,5.899,7.391,0,1.01818181818182,"zverev a.","brouwer g.",1534.84115629176,1500,5675
"2023-wimbledon-1105","wimbledon",2023,"1:35:34",153,"Alexander Zverev","Gijs Brouwer",122,1,1,1,"W","CTL",3,3,17.451,18.263,1,0.973233966621182,"zverev a.","brouwer g.",1534.84115629176,1500,5734
"2023-wimbledon-1105","wimbledon",2023,"1:35:59",154,"Alexander Zverev","Gijs Brouwer",127,1,1,1,"C","CTL",1,3,1.082,1.162,1,1.01312060459746,"zverev a.","brouwer g.",1534.84115629176,1500,5759
"2023-wimbledon-1105","wimbledon",2023,"1:36:40",155,"Alexander Zverev","Gijs Brouwer",110,2,1,2,"B","NCTL",2,3,4.486,3.918,1,0.877506035478115,"zverev a.","brouwer g.",1534.84115629176,1500,5800
"2023-wimbledon-1105","wimbledon",2023,"1:37:13",156,"Alexander Zverev","Gijs Brouwer",124,1,1,1,"C","NCTL",1,3,4.611,5.244,1,0.989188621811693,"zverev a.","brouwer g.",1534.84115629176,1500,5833
"2023-wimbledon-1105","wimbledon",2023,"1:37:28",157,"Alexander Zverev","Gijs Brouwer",122,1,1,1,"W","CTL",3,3,14.118,13.523,1,0.973233966621182,"zverev a.","brouwer g.",1534.84115629176,1500,5848
"2023-wimbledon-1105","wimbledon",2023,"1:39:46",158,"Alexander Zverev","Gijs Brouwer",114,1,2,2,"C","NCTL",1,4,7.083,4.426,0,1.03636363636364,"zverev a.","brouwer g.",1534.84115629176,1500,5986
"2023-wimbledon-1105","wimbledon",2023,"1:40:05",159,"Alexander Zverev","Gijs Brouwer",92,1,2,2,"W","CTL",1,4,6.98,6.237,0,0.836363636363636,"zverev a.","brouwer g.",1534.84115629176,1500,6005
"2023-wimbledon-1105","wimbledon",2023,"1:40:26",160,"Alexander Zverev","Gijs Brouwer",106,1,2,2,"B","NCTL",1,4,5.706,4.724,0,0.963636363636364,"zverev a.","brouwer g.",1534.84115629176,1500,6026
"2023-wimbledon-1105","wimbledon",2023,"1:40:50",161,"Alexander Zverev","Gijs Brouwer",99,1,2,1,"B","CTL",2,4,10.697,7.503,1,0.9,"zverev a.","brouwer g.",1534.84115629176,1500,6050
"2023-wimbledon-1105","wimbledon",2023,"1:41:11",162,"Alexander Zverev","Gijs Brouwer",113,1,2,2,"BW","NCTL",3,4,26.688,13.097,0,1.02727272727273,"zverev a.","brouwer g.",1534.84115629176,1500,6071
"2023-wimbledon-1105","wimbledon",2023,"1:41:51",163,"Alexander Zverev","Gijs Brouwer",125,1,1,1,"C","CTL",1,5,0.773,1.142,1,0.997165949406949,"zverev a.","brouwer g.",1534.84115629176,1500,6111
"2023-wimbledon-1105","wimbledon",2023,"1:42:06",164,"Alexander Zverev","Gijs Brouwer",126,1,1,1,"W","CTL",1,5,0.946,1.184,1,1.0051432770022,"zverev a.","brouwer g.",1534.84115629176,1500,6126
"2023-wimbledon-1105","wimbledon",2023,"1:42:26",165,"Alexander Zverev","Gijs Brouwer",118,1,1,1,"BW","NCTL",1,5,3.794,4.008,1,0.941324656240159,"zverev a.","brouwer g.",1534.84115629176,1500,6146
"2023-wimbledon-1105","wimbledon",2023,"1:42:41",166,"Alexander Zverev","Gijs Brouwer",130,1,1,2,"C","NCTL",6,5,33.01,31.716,0,1.03705258738323,"zverev a.","brouwer g.",1534.84115629176,1500,6161
"2023-wimbledon-1105","wimbledon",2023,"1:43:19",167,"Alexander Zverev","Gijs Brouwer",109,2,1,1,"BW","NCTL",1,5,3.518,3.901,0,0.869528707882859,"zverev a.","brouwer g.",1534.84115629176,1500,6199
"2023-wimbledon-1105","wimbledon",2023,"1:45:02",168,"Alexander Zverev","Gijs Brouwer",109,1,2,1,"C","NCTL",4,6,16.005,11.455,1,0.990909090909091,"zverev a.","brouwer g.",1534.84115629176,1500,6302
"2023-wimbledon-1105","wimbledon",2023,"1:45:22",169,"Alexander Zverev","Gijs Brouwer",95,2,2,2,"BW","NCTL",3,6,11.009,6.487,1,0.863636363636364,"zverev a.","brouwer g.",1534.84115629176,1500,6322
"2023-wimbledon-1105","wimbledon",2023,"1:45:54",170,"Alexander Zverev","Gijs Brouwer",98,2,2,2,"B","NCTL",7,6,29.099,28.525,1,0.890909090909091,"zverev a.","brouwer g.",1534.84115629176,1500,6354
"2023-wimbledon-1105","wimbledon",2023,"1:46:35",171,"Alexander Zverev","Gijs Brouwer",94,2,2,2,"BC","NCTL",5,6,18.884,17.892,1,0.854545454545454,"zverev a.","brouwer g.",1534.84115629176,1500,6395
"2023-wimbledon-1105","wimbledon",2023,"1:47:10",172,"Alexander Zverev","Gijs Brouwer",90,2,2,2,"BC","NCTL",5,6,41.253,29.121,1,0.818181818181818,"zverev a.","brouwer g.",1534.84115629176,1500,6430
"2023-wimbledon-1105","wimbledon",2023,"1:48:15",173,"Alexander Zverev","Gijs Brouwer",124,1,1,2,"C","CTL",2,7,6.872,8.284,0,0.989188621811693,"zverev a.","brouwer g.",1534.84115629176,1500,6495
"2023-wimbledon-1105","wimbledon",2023,"1:48:40",174,"Alexander Zverev","Gijs Brouwer",97,2,1,1,"BC","NCTL",1,7,6.908,6.788,0,0.773800776739792,"zverev a.","brouwer g.",1534.84115629176,1500,6520
"2023-wimbledon-1105","wimbledon",2023,"1:49:20",175,"Alexander Zverev","Gijs Brouwer",98,2,1,1,"C","NCTL",5,7,21.87,27.118,0,0.781778104335048,"zverev a.","brouwer g.",1534.84115629176,1500,6560
"2023-wimbledon-1105","wimbledon",2023,"1:50:06",176,"Alexander Zverev","Gijs Brouwer",126,1,1,2,"BW","NCTL",4,7,15.493,16.719,0,1.0051432770022,"zverev a.","brouwer g.",1534.84115629176,1500,6606
"2023-wimbledon-1105","wimbledon",2023,"1:50:37",177,"Alexander Zverev","Gijs Brouwer",128,1,1,1,"BC","CTL",1,7,4.361,4.699,1,1.02109793219272,"zverev a.","brouwer g.",1534.84115629176,1500,6637
"2023-wimbledon-1105","wimbledon",2023,"1:50:56",178,"Alexander Zverev","Gijs Brouwer",99,2,1,1,"BW","NCTL",1,7,2.738,3.755,0,0.789755431930303,"zverev a.","brouwer g.",1534.84115629176,1500,6656
"2023-wimbledon-1105","wimbledon",2023,"1:52:47",179,"Alexander Zverev","Gijs Brouwer",96,2,2,1,"B","NCTL",8,8,23.479,24.049,0,0.872727272727273,"zverev a.","brouwer g.",1534.84115629176,1500,6767
"2023-wimbledon-1105","wimbledon",2023,"1:53:22",180,"Alexander Zverev","Gijs Brouwer",95,1,2,2,"W","NCTL",1,8,5.197,1.311,0,0.863636363636364,"zverev a.","brouwer g.",1534.84115629176,1500,6802
"2023-wimbledon-1105","wimbledon",2023,"1:53:40",181,"Alexander Zverev","Gijs Brouwer",114,1,2,2,"C","NCTL",1,8,12.25,6.534,0,1.03636363636364,"zverev a.","brouwer g.",1534.84115629176,1500,6820
"2023-wimbledon-1105","wimbledon",2023,"1:54:02",182,"Alexander Zverev","Gijs Brouwer",108,1,2,2,"C","NCTL",1,8,7.197,6.387,0,0.981818181818182,"zverev a.","brouwer g.",1534.84115629176,1500,6842
"2023-wimbledon-1105","wimbledon",2023,"1:54:24",183,"Alexander Zverev","Gijs Brouwer",98,2,2,1,"BC","NCTL",6,8,35.716,26.404,0,0.890909090909091,"zverev a.","brouwer g.",1534.84115629176,1500,6864
"2023-wimbledon-1105","wimbledon",2023,"1:55:41",185,"Alexander Zverev","Gijs Brouwer",113,1,1,1,"BW","CTL",1,9,4.373,4.153,1,0.901438018263882,"zverev a.","brouwer g.",1534.84115629176,1500,6941
"2023-wimbledon-1105","wimbledon",2023,"1:55:57",186,"Alexander Zverev","Gijs Brouwer",86,2,1,2,"BC","NCTL",2,9,3.577,5.736,1,0.686050173191981,"zverev a.","brouwer g.",1534.84115629176,1500,6957
"2023-wimbledon-1105","wimbledon",2023,"1:56:31",187,"Alexander Zverev","Gijs Brouwer",124,1,1,1,"C","CTL",1,9,1.029,0.915,1,0.989188621811693,"zverev a.","brouwer g.",1534.84115629176,1500,6991
"2023-wimbledon-1105","wimbledon",2023,"1:56:46",188,"Alexander Zverev","Gijs Brouwer",122,1,1,1,"C","NCTL",3,9,11.394,14.927,1,0.973233966621182,"zverev a.","brouwer g.",1534.84115629176,1500,7006
"2023-wimbledon-1105","wimbledon",2023,"1:57:07",189,"Alexander Zverev","Gijs Brouwer",125,1,1,2,"W","NCTL",4,9,16.757,20.79,0,0.997165949406949,"zverev a.","brouwer g.",1534.84115629176,1500,7027
"2023-wimbledon-1105","wimbledon",2023,"1:57:36",190,"Alexander Zverev","Gijs Brouwer",102,2,1,2,"B","NCTL",2,9,8.419,10.279,1,0.81368741471607,"zverev a.","brouwer g.",1534.84115629176,1500,7056
"2023-wimbledon-1105","wimbledon",2023,"1:58:23",191,"Alexander Zverev","Gijs Brouwer",129,1,1,1,"BC","CTL",3,9,8.125,9.913,1,1.02907525978797,"zverev a.","brouwer g.",1534.84115629176,1500,7103
"2023-wimbledon-1105","wimbledon",2023,"1:58:47",192,"Alexander Zverev","Gijs Brouwer",124,1,1,1,"C","NCTL",3,9,12.547,14.772,1,0.989188621811693,"zverev a.","brouwer g.",1534.84115629176,1500,7127
"2023-wimbledon-1105","wimbledon",2023,"2:00:25",193,"Alexander Zverev","Gijs Brouwer",109,1,2,1,"W","NCTL",2,10,12.924,11.668,1,0.990909090909091,"zverev a.","brouwer g.",1534.84115629176,1500,7225
"2023-wimbledon-1105","wimbledon",2023,"2:00:48",194,"Alexander Zverev","Gijs Brouwer",103,1,2,2,"W","CTL",3,10,13.215,11.239,0,0.936363636363636,"zverev a.","brouwer g.",1534.84115629176,1500,7248
"2023-wimbledon-1105","wimbledon",2023,"2:01:10",195,"Alexander Zverev","Gijs Brouwer",105,1,2,2,"C","NCTL",3,10,13.307,10.854,0,0.954545454545455,"zverev a.","brouwer g.",1534.84115629176,1500,7270
"2023-wimbledon-1105","wimbledon",2023,"2:01:31",196,"Alexander Zverev","Gijs Brouwer",94,2,2,2,"W","NCTL",1,10,5.789,5.652,1,0.854545454545454,"zverev a.","brouwer g.",1534.84115629176,1500,7291
"2023-wimbledon-1105","wimbledon",2023,"2:01:59",197,"Alexander Zverev","Gijs Brouwer",96,2,2,2,"BC","CTL",1,10,7.792,6.827,1,0.872727272727273,"zverev a.","brouwer g.",1534.84115629176,1500,7319
"2023-wimbledon-1105","wimbledon",2023,"2:03:04",198,"Alexander Zverev","Gijs Brouwer",122,1,1,1,"BW","NCTL",3,11,11.665,12.438,1,0.973233966621182,"zverev a.","brouwer g.",1534.84115629176,1500,7384
"2023-wimbledon-1105","wimbledon",2023,"2:03:30",199,"Alexander Zverev","Gijs Brouwer",127,1,1,1,"C","NCTL",1,11,1.843,3.065,1,1.01312060459746,"zverev a.","brouwer g.",1534.84115629176,1500,7410
"2023-wimbledon-1105","wimbledon",2023,"2:03:49",200,"Alexander Zverev","Gijs Brouwer",126,1,1,1,"C","NCTL",7,11,20.13,24.727,1,1.0051432770022,"zverev a.","brouwer g.",1534.84115629176,1500,7429
"2023-wimbledon-1105","wimbledon",2023,"2:04:16",201,"Alexander Zverev","Gijs Brouwer",119,1,1,2,"BW","NCTL",2,11,5.098,8.343,0,0.949301983835415,"zverev a.","brouwer g.",1534.84115629176,1500,7456
"2023-wimbledon-1105","wimbledon",2023,"2:04:37",202,"Alexander Zverev","Gijs Brouwer",126,1,1,1,"C","CTL",1,11,0.813,1.455,1,1.0051432770022,"zverev a.","brouwer g.",1534.84115629176,1500,7477
"2023-wimbledon-1105","wimbledon",2023,"2:06:10",203,"Alexander Zverev","Gijs Brouwer",115,1,2,2,"W","CTL",3,12,19.048,17.881,0,1.04545454545455,"zverev a.","brouwer g.",1534.84115629176,1500,7570
"2023-wimbledon-1105","wimbledon",2023,"2:07:19",205,"Alexander Zverev","Gijs Brouwer",102,1,2,2,"C","NCTL",1,12,6.18,4.961,0,0.927272727272727,"zverev a.","brouwer g.",1534.84115629176,1500,7639
"2023-wimbledon-1105","wimbledon",2023,"2:07:36",206,"Alexander Zverev","Gijs Brouwer",103,1,2,2,"B","CTL",7,12,34.165,22.052,0,0.936363636363636,"zverev a.","brouwer g.",1534.84115629176,1500,7656
"2023-wimbledon-1105","wimbledon",2023,"2:08:05",207,"Alexander Zverev","Gijs Brouwer",86,2,2,1,"BC","NCTL",6,12,23.218,20.721,0,0.781818181818182,"zverev a.","brouwer g.",1534.84115629176,1500,7685
"2023-wimbledon-1105","wimbledon",2023,"2:08:45",208,"Alexander Zverev","Gijs Brouwer",91,2,2,2,"BW","NCTL",1,12,6.2,4.307,1,0.827272727272727,"zverev a.","brouwer g.",1534.84115629176,1500,7725
"2023-wimbledon-1105","wimbledon",2023,"2:09:35",209,"Alexander Zverev","Gijs Brouwer",100,2,1,1,"BW","NCTL",5,13,21.573,25.489,0,0.797732759525559,"zverev a.","brouwer g.",1534.84115629176,1500,7775
"2023-wimbledon-1105","wimbledon",2023,"2:10:23",210,"Alexander Zverev","Gijs Brouwer",90,1,2,2,"W","CTL",1,13,4.702,2.297,0,0.818181818181818,"zverev a.","brouwer g.",1534.84115629176,1500,7823
"2023-wimbledon-1105","wimbledon",2023,"2:10:42",211,"Alexander Zverev","Gijs Brouwer",90,2,2,1,"C","NCTL",4,13,12.175,8.273,0,0.818181818181818,"zverev a.","brouwer g.",1534.84115629176,1500,7842
"2023-wimbledon-1105","wimbledon",2023,"2:11:23",212,"Alexander Zverev","Gijs Brouwer",127,1,1,1,"BW","NCTL",5,13,16.271,18.834,1,1.01312060459746,"zverev a.","brouwer g.",1534.84115629176,1500,7883
"2023-wimbledon-1105","wimbledon",2023,"2:11:57",213,"Alexander Zverev","Gijs Brouwer",125,1,1,2,"BW","NCTL",4,13,13.238,14.654,0,0.997165949406949,"zverev a.","brouwer g.",1534.84115629176,1500,7917
"2023-wimbledon-1105","wimbledon",2023,"2:12:30",214,"Alexander Zverev","Gijs Brouwer",110,1,2,2,"C","NCTL",3,13,12.925,6.982,0,1,"zverev a.","brouwer g.",1534.84115629176,1500,7950
"2023-wimbledon-1105","wimbledon",2023,"2:13:07",215,"Alexander Zverev","Gijs Brouwer",87,2,2,1,"C","CTL",2,13,10.002,6.867,0,0.790909090909091,"zverev a.","brouwer g.",1534.84115629176,1500,7987
"2023-wimbledon-1105","wimbledon",2023,"2:13:48",216,"Alexander Zverev","Gijs Brouwer",132,1,1,1,"BW","NCTL",1,13,2.154,3.501,1,1.05300724257374,"zverev a.","brouwer g.",1534.84115629176,1500,8028
"2023-wimbledon-1105","wimbledon",2023,"2:14:12",217,"Alexander Zverev","Gijs Brouwer",124,1,1,1,"C","NCTL",5,13,23.62,18.954,1,0.989188621811693,"zverev a.","brouwer g.",1534.84115629176,1500,8052
"2023-wimbledon-1105","wimbledon",2023,"2:14:48",218,"Alexander Zverev","Gijs Brouwer",119,1,2,2,"C","NCTL",1,13,0.915,0.765,0,1.08181818181818,"zverev a.","brouwer g.",1534.84115629176,1500,8088
"2023-wimbledon-1105","wimbledon",2023,"2:15:06",219,"Alexander Zverev","Gijs Brouwer",117,1,2,2,"C","NCTL",3,13,21.893,10.401,0,1.06363636363636,"zverev a.","brouwer g.",1534.84115629176,1500,8106
"2023-wimbledon-1105","wimbledon",2023,"2:15:42",220,"Alexander Zverev","Gijs Brouwer",131,1,1,1,"W","CTL",1,13,0.734,0.742,1,1.04502991497848,"zverev a.","brouwer g.",1534.84115629176,1500,8142
"2023-wimbledon-1107","wimbledon",2023,"0:00:00",1,"Matteo Berrettini","Lorenzo Sonego",103,1,2,2,"W","CTL",1,1,1.955,1.503,0,0.877782233807901,"berrettini m.","sonego l.",1551.31523157348,1500,0
"2023-wimbledon-1107","wimbledon",2023,"0:00:25",2,"Matteo Berrettini","Lorenzo Sonego",120,1,2,2,"BW","NCTL",1,1,2.536,2.139,0,1.02265891317425,"berrettini m.","sonego l.",1551.31523157348,1500,25
"2023-wimbledon-1107","wimbledon",2023,"0:00:51",3,"Matteo Berrettini","Lorenzo Sonego",124,1,2,2,"BC","CTL",1,1,3.617,2.661,0,1.05674754361339,"berrettini m.","sonego l.",1551.31523157348,1500,51
"2023-wimbledon-1107","wimbledon",2023,"0:01:10",4,"Matteo Berrettini","Lorenzo Sonego",121,1,2,2,"BW","NCTL",3,1,19.496,17.468,0,1.03118107078404,"berrettini m.","sonego l.",1551.31523157348,1500,70
"2023-wimbledon-1107","wimbledon",2023,"0:02:25",5,"Matteo Berrettini","Lorenzo Sonego",122,1,1,1,"C","CTL",3,2,7.252,13.831,1,1.00406421459053,"berrettini m.","sonego l.",1551.31523157348,1500,145
"2023-wimbledon-1107","wimbledon",2023,"0:02:52",6,"Matteo Berrettini","Lorenzo Sonego",117,2,1,1,"BC","NCTL",1,2,3.251,4.572,0,0.96291404186141,"berrettini m.","sonego l.",1551.31523157348,1500,172
"2023-wimbledon-1107","wimbledon",2023,"0:03:25",7,"Matteo Berrettini","Lorenzo Sonego",110,2,1,1,"BC","NCTL",3,2,12.142,22.889,0,0.905303800040642,"berrettini m.","sonego l.",1551.31523157348,1500,205
"2023-wimbledon-1107","wimbledon",2023,"0:04:21",8,"Matteo Berrettini","Lorenzo Sonego",121,1,1,1,"W","CTL",1,2,4.825,6.883,1,0.995834180044706,"berrettini m.","sonego l.",1551.31523157348,1500,261
"2023-wimbledon-1107","wimbledon",2023,"0:05:01",9,"Matteo Berrettini","Lorenzo Sonego",102,1,2,2,"W","CTL",1,3,1.108,0.951,0,0.869260076198115,"berrettini m.","sonego l.",1551.31523157348,1500,301
"2023-wimbledon-1107","wimbledon",2023,"0:05:24",10,"Matteo Berrettini","Lorenzo Sonego",111,1,2,2,"W","CTL",1,3,5.733,8.092,0,0.945959494686184,"berrettini m.","sonego l.",1551.31523157348,1500,324
"2023-wimbledon-1107","wimbledon",2023,"0:05:44",11,"Matteo Berrettini","Lorenzo Sonego",117,1,2,2,"BW","NCTL",1,3,4.083,3.932,0,0.997092440344897,"berrettini m.","sonego l.",1551.31523157348,1500,344
"2023-wimbledon-1107","wimbledon",2023,"0:06:03",12,"Matteo Berrettini","Lorenzo Sonego",116,1,2,2,"W","CTL",5,3,17.591,16.729,0,0.988570282735111,"berrettini m.","sonego l.",1551.31523157348,1500,363
"2023-wimbledon-1107","wimbledon",2023,"0:07:44",13,"Matteo Berrettini","Lorenzo Sonego",113,1,1,1,"W","CTL",1,4,0.779,1.025,1,0.929993903678114,"berrettini m.","sonego l.",1551.31523157348,1500,464
"2023-wimbledon-1107","wimbledon",2023,"0:08:04",14,"Matteo Berrettini","Lorenzo Sonego",117,1,1,1,"BW","NCTL",5,4,15.75,19.319,1,0.96291404186141,"berrettini m.","sonego l.",1551.31523157348,1500,484
"2023-wimbledon-1107","wimbledon",2023,"0:08:33",15,"Matteo Berrettini","Lorenzo Sonego",106,2,1,1,"BW","NCTL",5,4,22.206,24.839,0,0.872383661857346,"berrettini m.","sonego l.",1551.31523157348,1500,513
"2023-wimbledon-1107","wimbledon",2023,"0:09:21",16,"Matteo Berrettini","Lorenzo Sonego",94,2,1,1,"W","CTL",1,4,5.471,7.55,0,0.773623247307458,"berrettini m.","sonego l.",1551.31523157348,1500,561
"2023-wimbledon-1107","wimbledon",2023,"0:10:11",17,"Matteo Berrettini","Lorenzo Sonego",129,1,2,2,"C","NCTL",1,5,1.07,0.988,0,1.09935833166232,"berrettini m.","sonego l.",1551.31523157348,1500,611
"2023-wimbledon-1107","wimbledon",2023,"0:10:33",18,"Matteo Berrettini","Lorenzo Sonego",124,1,2,2,"C","NCTL",5,5,21.706,21.094,0,1.05674754361339,"berrettini m.","sonego l.",1551.31523157348,1500,633
"2023-wimbledon-1107","wimbledon",2023,"0:11:24",19,"Matteo Berrettini","Lorenzo Sonego",92,2,2,2,"C","CTL",3,5,9.674,12.209,1,0.784038500100261,"berrettini m.","sonego l.",1551.31523157348,1500,684
"2023-wimbledon-1107","wimbledon",2023,"0:12:22",20,"Matteo Berrettini","Lorenzo Sonego",82,2,2,2,"BW","NCTL",1,5,4.606,4.288,1,0.698816924002406,"berrettini m.","sonego l.",1551.31523157348,1500,742
"2023-wimbledon-1107","wimbledon",2023,"0:14:13",21,"Matteo Berrettini","Lorenzo Sonego",130,1,1,1,"C","NCTL",1,6,3.827,9.274,1,1.06990449095712,"berrettini m.","sonego l.",1551.31523157348,1500,853
"2023-wimbledon-1107","wimbledon",2023,"0:14:33",22,"Matteo Berrettini","Lorenzo Sonego",107,2,1,1,"B","NCTL",1,6,1.435,2.531,0,0.88061369640317,"berrettini m.","sonego l.",1551.31523157348,1500,873
"2023-wimbledon-1107","wimbledon",2023,"0:15:07",23,"Matteo Berrettini","Lorenzo Sonego",126,1,1,1,"C","NCTL",5,6,15.395,19.886,1,1.03698435277383,"berrettini m.","sonego l.",1551.31523157348,1500,907
"2023-wimbledon-1107","wimbledon",2023,"0:15:36",24,"Matteo Berrettini","Lorenzo Sonego",116,1,1,1,"W","CTL",1,6,11.051,10.334,1,0.954684007315586,"berrettini m.","sonego l.",1551.31523157348,1500,936
"2023-wimbledon-1107","wimbledon",2023,"0:16:16",25,"Matteo Berrettini","Lorenzo Sonego",95,2,2,2,"C","NCTL",5,7,41.239,21.394,1,0.809604972929617,"berrettini m.","sonego l.",1551.31523157348,1500,976
"2023-wimbledon-1107","wimbledon",2023,"0:17:04",26,"Matteo Berrettini","Lorenzo Sonego",118,1,2,2,"B","NCTL",1,7,4.853,4.784,0,1.00561459795468,"berrettini m.","sonego l.",1551.31523157348,1500,1024
"2023-wimbledon-1107","wimbledon",2023,"0:17:26",27,"Matteo Berrettini","Lorenzo Sonego",102,1,2,2,"W","CTL",1,7,5.617,5.963,0,0.869260076198115,"berrettini m.","sonego l.",1551.31523157348,1500,1046
"2023-wimbledon-1107","wimbledon",2023,"0:17:50",28,"Matteo Berrettini","Lorenzo Sonego",116,1,2,2,"C","NCTL",1,7,0.928,0.934,0,0.988570282735111,"berrettini m.","sonego l.",1551.31523157348,1500,1070
"2023-wimbledon-1107","wimbledon",2023,"0:19:28",29,"Matteo Berrettini","Lorenzo Sonego",111,1,1,1,"W","CTL",1,8,0.793,1.874,1,0.913533834586466,"berrettini m.","sonego l.",1551.31523157348,1500,1168
"2023-wimbledon-1107","wimbledon",2023,"0:19:48",30,"Matteo Berrettini","Lorenzo Sonego",119,1,1,1,"W","CTL",3,8,12.404,22.963,1,0.979374110953058,"berrettini m.","sonego l.",1551.31523157348,1500,1188
"2023-wimbledon-1107","wimbledon",2023,"0:20:12",31,"Matteo Berrettini","Lorenzo Sonego",108,2,1,1,"C","NCTL",7,8,21.293,26.719,0,0.888843730948994,"berrettini m.","sonego l.",1551.31523157348,1500,1212
"2023-wimbledon-1107","wimbledon",2023,"0:20:58",32,"Matteo Berrettini","Lorenzo Sonego",113,2,1,1,"BC","NCTL",1,8,2.642,3.66,0,0.929993903678114,"berrettini m.","sonego l.",1551.31523157348,1500,1258
"2023-wimbledon-1107","wimbledon",2023,"0:21:49",33,"Matteo Berrettini","Lorenzo Sonego",128,1,2,2,"BC","NCTL",5,9,14.284,14.959,0,1.09083617405254,"berrettini m.","sonego l.",1551.31523157348,1500,1309
"2023-wimbledon-1107","wimbledon",2023,"0:22:20",34,"Matteo Berrettini","Lorenzo Sonego",120,1,2,1,"BC","NCTL",8,9,29.012,28.603,1,1.02265891317425,"berrettini m.","sonego l.",1551.31523157348,1500,1340
"2023-wimbledon-1107","wimbledon",2023,"0:23:05",35,"Matteo Berrettini","Lorenzo Sonego",129,1,2,2,"C","CTL",1,9,1.06,0.946,0,1.09935833166232,"berrettini m.","sonego l.",1551.31523157348,1500,1385
"2023-wimbledon-1107","wimbledon",2023,"0:23:27",36,"Matteo Berrettini","Lorenzo Sonego",88,2,2,2,"B","NCTL",7,9,25.187,21.493,1,0.749949869661119,"berrettini m.","sonego l.",1551.31523157348,1500,1407
"2023-wimbledon-1107","wimbledon",2023,"0:24:33",37,"Matteo Berrettini","Lorenzo Sonego",127,1,2,1,"BC","NCTL",4,9,22.68,19.983,1,1.08231401644275,"berrettini m.","sonego l.",1551.31523157348,1500,1473
"2023-wimbledon-1107","wimbledon",2023,"0:25:15",38,"Matteo Berrettini","Lorenzo Sonego",86,2,2,1,"BW","NCTL",2,9,8.075,6.27,0,0.732905554441548,"berrettini m.","sonego l.",1551.31523157348,1500,1515
"2023-wimbledon-1107","wimbledon",2023,"0:26:03",39,"Matteo Berrettini","Lorenzo Sonego",106,1,2,2,"W","NCTL",5,9,26.216,21.435,0,0.903348706637257,"berrettini m.","sonego l.",1551.31523157348,1500,1563
"2023-wimbledon-1107","wimbledon",2023,"0:26:40",40,"Matteo Berrettini","Lorenzo Sonego",116,1,2,2,"C","NCTL",1,9,1.021,0.922,0,0.988570282735111,"berrettini m.","sonego l.",1551.31523157348,1500,1600
"2023-wimbledon-1107","wimbledon",2023,"0:32:49",41,"Matteo Berrettini","Lorenzo Sonego",109,2,1,2,"BC","NCTL",2,10,5.767,7.997,1,0.897073765494818,"berrettini m.","sonego l.",1551.31523157348,1500,1969
"2023-wimbledon-1107","wimbledon",2023,"0:33:24",42,"Matteo Berrettini","Lorenzo Sonego",125,1,1,1,"C","NCTL",1,10,2.28,4.707,1,1.028754318228,"berrettini m.","sonego l.",1551.31523157348,1500,2004
"2023-wimbledon-1107","wimbledon",2023,"0:33:45",43,"Matteo Berrettini","Lorenzo Sonego",133,1,1,1,"C","NCTL",1,10,0.637,1.164,1,1.09459459459459,"berrettini m.","sonego l.",1551.31523157348,1500,2025
"2023-wimbledon-1107","wimbledon",2023,"0:34:08",44,"Matteo Berrettini","Lorenzo Sonego",101,2,1,1,"BW","NCTL",1,10,1.957,3.151,0,0.831233489128226,"berrettini m.","sonego l.",1551.31523157348,1500,2048
"2023-wimbledon-1107","wimbledon",2023,"0:34:41",45,"Matteo Berrettini","Lorenzo Sonego",115,1,1,2,"W","CTL",2,10,6.764,13.021,0,0.946453972769762,"berrettini m.","sonego l.",1551.31523157348,1500,2081
"2023-wimbledon-1107","wimbledon",2023,"0:35:11",46,"Matteo Berrettini","Lorenzo Sonego",108,2,1,1,"BC","NCTL",7,10,19.992,27.716,0,0.888843730948994,"berrettini m.","sonego l.",1551.31523157348,1500,2111
"2023-wimbledon-1107","wimbledon",2023,"0:36:09",47,"Matteo Berrettini","Lorenzo Sonego",103,1,2,1,"BW","NCTL",2,11,8.91,10.646,1,0.877782233807901,"berrettini m.","sonego l.",1551.31523157348,1500,2169
"2023-wimbledon-1107","wimbledon",2023,"0:36:36",48,"Matteo Berrettini","Lorenzo Sonego",121,1,2,2,"C","NCTL",1,11,0.693,0.642,0,1.03118107078404,"berrettini m.","sonego l.",1551.31523157348,1500,2196
"2023-wimbledon-1107","wimbledon",2023,"0:36:59",49,"Matteo Berrettini","Lorenzo Sonego",103,2,2,1,"C","NCTL",4,11,18.203,22.442,0,0.877782233807901,"berrettini m.","sonego l.",1551.31523157348,1500,2219
"2023-wimbledon-1107","wimbledon",2023,"0:37:50",50,"Matteo Berrettini","Lorenzo Sonego",83,2,2,2,"W","NCTL",3,11,8.07,9.244,1,0.707339081612192,"berrettini m.","sonego l.",1551.31523157348,1500,2270
"2023-wimbledon-1107","wimbledon",2023,"0:38:36",51,"Matteo Berrettini","Lorenzo Sonego",123,1,2,1,"C","NCTL",2,11,8.378,8.318,1,1.04822538600361,"berrettini m.","sonego l.",1551.31523157348,1500,2316
"2023-wimbledon-1107","wimbledon",2023,"0:39:11",52,"Matteo Berrettini","Lorenzo Sonego",119,1,2,2,"W","CTL",1,11,4.56,6.059,0,1.01413675556447,"berrettini m.","sonego l.",1551.31523157348,1500,2351
"2023-wimbledon-1107","wimbledon",2023,"0:39:40",53,"Matteo Berrettini","Lorenzo Sonego",98,2,2,1,"BC","NCTL",8,11,21.901,27.501,0,0.835171445758973,"berrettini m.","sonego l.",1551.31523157348,1500,2380
"2023-wimbledon-1107","wimbledon",2023,"0:40:35",54,"Matteo Berrettini","Lorenzo Sonego",92,2,2,2,"B","NCTL",5,11,18.594,25.572,1,0.784038500100261,"berrettini m.","sonego l.",1551.31523157348,1500,2435
"2023-wimbledon-1107","wimbledon",2023,"0:41:30",55,"Matteo Berrettini","Lorenzo Sonego",120,1,2,2,"C","NCTL",1,11,8.293,4.932,0,1.02265891317425,"berrettini m.","sonego l.",1551.31523157348,1500,2490
"2023-wimbledon-1107","wimbledon",2023,"0:41:54",56,"Matteo Berrettini","Lorenzo Sonego",115,1,2,2,"W","CTL",3,11,16.659,19.393,0,0.980048125125326,"berrettini m.","sonego l.",1551.31523157348,1500,2514
"2023-wimbledon-1107","wimbledon",2023,"0:43:34",57,"Matteo Berrettini","Lorenzo Sonego",110,2,1,2,"C","NCTL",2,12,7.083,8.199,1,0.905303800040642,"berrettini m.","sonego l.",1551.31523157348,1500,2614
"2023-wimbledon-1107","wimbledon",2023,"0:44:18",58,"Matteo Berrettini","Lorenzo Sonego",125,1,1,1,"BW","NCTL",1,12,9.23,13.34,1,1.028754318228,"berrettini m.","sonego l.",1551.31523157348,1500,2658
"2023-wimbledon-1107","wimbledon",2023,"0:44:45",59,"Matteo Berrettini","Lorenzo Sonego",104,2,1,2,"BC","NCTL",6,12,17.572,39.085,1,0.855923592765698,"berrettini m.","sonego l.",1551.31523157348,1500,2685
"2023-wimbledon-1107","wimbledon",2023,"0:45:33",60,"Matteo Berrettini","Lorenzo Sonego",102,2,1,1,"W","NCTL",3,12,19.49,13.069,0,0.83946352367405,"berrettini m.","sonego l.",1551.31523157348,1500,2733
"2023-wimbledon-1107","wimbledon",2023,"0:46:19",61,"Matteo Berrettini","Lorenzo Sonego",108,2,1,1,"BW","NCTL",9,12,40.761,36.03,0,0.888843730948994,"berrettini m.","sonego l.",1551.31523157348,1500,2779
"2023-wimbledon-1107","wimbledon",2023,"0:47:19",62,"Matteo Berrettini","Lorenzo Sonego",96,2,1,1,"B","NCTL",3,12,14.624,12.532,0,0.790083316399106,"berrettini m.","sonego l.",1551.31523157348,1500,2839
"2023-wimbledon-1107","wimbledon",2023,"0:48:18",63,"Matteo Berrettini","Lorenzo Sonego",109,1,2,2,"W","CTL",1,13,4.766,3.88,0,0.928915179466613,"berrettini m.","sonego l.",1551.31523157348,1500,2898
"2023-wimbledon-1107","wimbledon",2023,"0:49:10",64,"Matteo Berrettini","Lorenzo Sonego",126,1,1,1,"C","CTL",1,13,6.127,7.735,1,1.03698435277383,"berrettini m.","sonego l.",1551.31523157348,1500,2950
"2023-wimbledon-1107","wimbledon",2023,"0:50:05",65,"Matteo Berrettini","Lorenzo Sonego",131,1,1,1,"C","NCTL",1,13,0.744,1.14,1,1.07813452550295,"berrettini m.","sonego l.",1551.31523157348,1500,3005
"2023-wimbledon-1107","wimbledon",2023,"0:50:52",66,"Matteo Berrettini","Lorenzo Sonego",122,1,2,1,"BW","CTL",8,13,34.186,28.302,1,1.03970322839382,"berrettini m.","sonego l.",1551.31523157348,1500,3052
"2023-wimbledon-1107","wimbledon",2023,"0:51:34",67,"Matteo Berrettini","Lorenzo Sonego",91,2,2,2,"BC","NCTL",3,13,11.533,11.35,1,0.775516342490475,"berrettini m.","sonego l.",1551.31523157348,1500,3094
"2023-wimbledon-1107","wimbledon",2023,"0:52:38",68,"Matteo Berrettini","Lorenzo Sonego",120,1,1,2,"W","NCTL",2,13,8.281,10.521,0,0.987604145498882,"berrettini m.","sonego l.",1551.31523157348,1500,3158
"2023-wimbledon-1107","wimbledon",2023,"0:53:51",69,"Matteo Berrettini","Lorenzo Sonego",134,1,1,2,"C","NCTL",2,13,7.068,7.466,0,1.10282462914042,"berrettini m.","sonego l.",1551.31523157348,1500,3231
"2023-wimbledon-1107","wimbledon",2023,"0:54:30",70,"Matteo Berrettini","Lorenzo Sonego",88,2,2,2,"B","NCTL",3,13,11.955,13.66,1,0.749949869661119,"berrettini m.","sonego l.",1551.31523157348,1500,3270
"2023-wimbledon-1107","wimbledon",2023,"0:55:19",71,"Matteo Berrettini","Lorenzo Sonego",95,2,2,1,"BC","NCTL",8,13,58.207,33.607,0,0.809604972929617,"berrettini m.","sonego l.",1551.31523157348,1500,3319
"2023-wimbledon-1107","wimbledon",2023,"0:56:21",72,"Matteo Berrettini","Lorenzo Sonego",129,1,1,1,"C","NCTL",3,13,11.937,12.876,1,1.0616744564113,"berrettini m.","sonego l.",1551.31523157348,1500,3381
"2023-wimbledon-1107","wimbledon",2023,"0:56:58",73,"Matteo Berrettini","Lorenzo Sonego",119,1,1,2,"W","CTL",8,13,23.5,57.352,0,0.979374110953058,"berrettini m.","sonego l.",1551.31523157348,1500,3418
"2023-wimbledon-1107","wimbledon",2023,"0:57:51",74,"Matteo Berrettini","Lorenzo Sonego",94,2,2,2,"B","NCTL",7,13,30.07,31.188,1,0.801082815319831,"berrettini m.","sonego l.",1551.31523157348,1500,3471
"2023-wimbledon-1107","wimbledon",2023,"1:00:48",75,"Matteo Berrettini","Lorenzo Sonego",111,1,1,1,"W","NCTL",5,1,13.631,19.269,1,0.913533834586466,"berrettini m.","sonego l.",1551.31523157348,1500,3648
"2023-wimbledon-1107","wimbledon",2023,"31:28:36",76,"Matteo Berrettini","Lorenzo Sonego",121,1,1,1,"W","CTL",3,1,21.496,17.764,1,0.995834180044706,"berrettini m.","sonego l.",1551.31523157348,1500,NA
"2023-wimbledon-1107","wimbledon",2023,"31:29:02",77,"Matteo Berrettini","Lorenzo Sonego",115,1,1,2,"W","CTL",4,1,15.984,37.747,0,0.946453972769762,"berrettini m.","sonego l.",1551.31523157348,1500,NA
"2023-wimbledon-1107","wimbledon",2023,"31:29:32",78,"Matteo Berrettini","Lorenzo Sonego",123,1,1,1,"C","NCTL",7,1,23.77,29.59,1,1.01229424913635,"berrettini m.","sonego l.",1551.31523157348,1500,NA
"2023-wimbledon-1107","wimbledon",2023,"31:30:21",79,"Matteo Berrettini","Lorenzo Sonego",101,2,1,1,"BC","NCTL",1,1,7.12,6.394,0,0.831233489128226,"berrettini m.","sonego l.",1551.31523157348,1500,NA
"2023-wimbledon-1107","wimbledon",2023,"31:31:40",80,"Matteo Berrettini","Lorenzo Sonego",104,2,2,2,"BC","NCTL",5,2,22.049,18.701,1,0.886304391417686,"berrettini m.","sonego l.",1551.31523157348,1500,NA
"2023-wimbledon-1107","wimbledon",2023,"31:32:29",81,"Matteo Berrettini","Lorenzo Sonego",116,1,2,2,"BW","NCTL",1,2,4.441,3.878,0,0.988570282735111,"berrettini m.","sonego l.",1551.31523157348,1500,NA
"2023-wimbledon-1107","wimbledon",2023,"31:32:58",82,"Matteo Berrettini","Lorenzo Sonego",117,1,2,1,"BW","NCTL",2,2,16.792,5.453,1,0.997092440344897,"berrettini m.","sonego l.",1551.31523157348,1500,NA
"2023-wimbledon-1107","wimbledon",2023,"31:33:29",83,"Matteo Berrettini","Lorenzo Sonego",120,1,2,2,"W","NCTL",1,2,5.465,6.4,0,1.02265891317425,"berrettini m.","sonego l.",1551.31523157348,1500,NA
"2023-wimbledon-1107","wimbledon",2023,"31:33:56",84,"Matteo Berrettini","Lorenzo Sonego",124,1,2,2,"C","NCTL",3,2,15.161,10.169,0,1.05674754361339,"berrettini m.","sonego l.",1551.31523157348,1500,NA
"2023-wimbledon-1107","wimbledon",2023,"31:34:39",85,"Matteo Berrettini","Lorenzo Sonego",101,2,1,2,"BC","NCTL",2,3,12.371,15.442,1,0.831233489128226,"berrettini m.","sonego l.",1551.31523157348,1500,NA
"2023-wimbledon-1107","wimbledon",2023,"31:35:17",86,"Matteo Berrettini","Lorenzo Sonego",92,2,1,2,"BW","NCTL",10,3,28.841,60.216,1,0.75716317821581,"berrettini m.","sonego l.",1551.31523157348,1500,NA
"2023-wimbledon-1107","wimbledon",2023,"31:36:10",87,"Matteo Berrettini","Lorenzo Sonego",129,1,1,1,"C","NCTL",9,3,25.492,39.994,1,1.0616744564113,"berrettini m.","sonego l.",1551.31523157348,1500,NA
"2023-wimbledon-1107","wimbledon",2023,"31:36:51",88,"Matteo Berrettini","Lorenzo Sonego",102,2,1,1,"BW","NCTL",3,3,7.273,9.402,0,0.83946352367405,"berrettini m.","sonego l.",1551.31523157348,1500,NA
"2023-wimbledon-1107","wimbledon",2023,"31:37:37",89,"Matteo Berrettini","Lorenzo Sonego",119,1,1,1,"W","CTL",3,3,21.386,24.942,1,0.979374110953058,"berrettini m.","sonego l.",1551.31523157348,1500,NA
"2023-wimbledon-1107","wimbledon",2023,"31:38:10",90,"Matteo Berrettini","Lorenzo Sonego",125,1,1,1,"C","NCTL",3,3,8.161,9.689,1,1.028754318228,"berrettini m.","sonego l.",1551.31523157348,1500,NA
"2023-wimbledon-1107","wimbledon",2023,"31:39:53",91,"Matteo Berrettini","Lorenzo Sonego",130,1,2,2,"BC","NCTL",9,4,45.12,32.773,0,1.10788048927211,"berrettini m.","sonego l.",1551.31523157348,1500,NA
"2023-wimbledon-1107","wimbledon",2023,"31:40:33",92,"Matteo Berrettini","Lorenzo Sonego",124,1,2,1,"BC","NCTL",2,4,7.742,7.307,1,1.05674754361339,"berrettini m.","sonego l.",1551.31523157348,1500,NA
"2023-wimbledon-1107","wimbledon",2023,"31:41:03",93,"Matteo Berrettini","Lorenzo Sonego",106,1,2,2,"W","CTL",1,4,4.954,3.284,0,0.903348706637257,"berrettini m.","sonego l.",1551.31523157348,1500,NA
"2023-wimbledon-1107","wimbledon",2023,"31:41:37",94,"Matteo Berrettini","Lorenzo Sonego",88,2,2,2,"BW","NCTL",1,4,4.913,4.895,1,0.749949869661119,"berrettini m.","sonego l.",1551.31523157348,1500,NA
"2023-wimbledon-1107","wimbledon",2023,"31:42:33",95,"Matteo Berrettini","Lorenzo Sonego",130,1,2,2,"C","NCTL",1,4,1.137,1.054,0,1.10788048927211,"berrettini m.","sonego l.",1551.31523157348,1500,NA
"2023-wimbledon-1107","wimbledon",2023,"31:43:07",96,"Matteo Berrettini","Lorenzo Sonego",109,2,1,1,"BC","NCTL",1,5,4.139,9.16,0,0.897073765494818,"berrettini m.","sonego l.",1551.31523157348,1500,NA
"2023-wimbledon-1107","wimbledon",2023,"31:43:40",97,"Matteo Berrettini","Lorenzo Sonego",116,2,1,2,"C","NCTL",2,5,7.299,8.665,1,0.954684007315586,"berrettini m.","sonego l.",1551.31523157348,1500,NA
"2023-wimbledon-1107","wimbledon",2023,"31:44:37",98,"Matteo Berrettini","Lorenzo Sonego",107,2,1,1,"BC","NCTL",3,5,13.051,16.804,0,0.88061369640317,"berrettini m.","sonego l.",1551.31523157348,1500,NA
"2023-wimbledon-1107","wimbledon",2023,"31:45:20",99,"Matteo Berrettini","Lorenzo Sonego",123,1,1,1,"C","CTL",3,5,6.358,16.634,1,1.01229424913635,"berrettini m.","sonego l.",1551.31523157348,1500,NA
"2023-wimbledon-1107","wimbledon",2023,"31:45:47",100,"Matteo Berrettini","Lorenzo Sonego",112,2,1,1,"BW","NCTL",1,5,3.91,4.062,0,0.92176386913229,"berrettini m.","sonego l.",1551.31523157348,1500,NA
"2023-wimbledon-1107","wimbledon",2023,"31:47:38",101,"Matteo Berrettini","Lorenzo Sonego",104,1,2,2,"W","CTL",1,6,6.802,6.529,0,0.886304391417686,"berrettini m.","sonego l.",1551.31523157348,1500,NA
"2023-wimbledon-1107","wimbledon",2023,"31:48:42",103,"Matteo Berrettini","Lorenzo Sonego",92,2,2,2,"BC","NCTL",5,6,25.324,18.225,1,0.784038500100261,"berrettini m.","sonego l.",1551.31523157348,1500,NA
"2023-wimbledon-1107","wimbledon",2023,"31:49:30",104,"Matteo Berrettini","Lorenzo Sonego",95,2,2,2,"B","NCTL",3,6,9.661,12.778,1,0.809604972929617,"berrettini m.","sonego l.",1551.31523157348,1500,NA
"2023-wimbledon-1107","wimbledon",2023,"31:50:15",105,"Matteo Berrettini","Lorenzo Sonego",120,1,2,2,"C","NCTL",5,6,14.292,16.167,0,1.02265891317425,"berrettini m.","sonego l.",1551.31523157348,1500,NA
"2023-wimbledon-1107","wimbledon",2023,"31:50:58",106,"Matteo Berrettini","Lorenzo Sonego",132,1,1,1,"BC","NCTL",1,7,3.297,4.055,1,1.08636456004877,"berrettini m.","sonego l.",1551.31523157348,1500,NA
"2023-wimbledon-1107","wimbledon",2023,"31:51:17",107,"Matteo Berrettini","Lorenzo Sonego",94,2,1,2,"BW","NCTL",2,7,8.261,9.433,1,0.773623247307458,"berrettini m.","sonego l.",1551.31523157348,1500,NA
"2023-wimbledon-1107","wimbledon",2023,"31:52:10",108,"Matteo Berrettini","Lorenzo Sonego",111,2,1,1,"C","NCTL",7,7,24.056,44.387,0,0.913533834586466,"berrettini m.","sonego l.",1551.31523157348,1500,NA
"2023-wimbledon-1107","wimbledon",2023,"31:52:58",109,"Matteo Berrettini","Lorenzo Sonego",120,1,1,2,"W","NCTL",6,7,26.757,23.876,0,0.987604145498882,"berrettini m.","sonego l.",1551.31523157348,1500,NA
"2023-wimbledon-1107","wimbledon",2023,"31:53:36",110,"Matteo Berrettini","Lorenzo Sonego",118,1,1,1,"W","CTL",1,7,0.703,1.721,1,0.971144076407234,"berrettini m.","sonego l.",1551.31523157348,1500,NA
"2023-wimbledon-1107","wimbledon",2023,"31:54:00",111,"Matteo Berrettini","Lorenzo Sonego",110,2,1,1,"BC","NCTL",1,7,4.822,7.709,0,0.905303800040642,"berrettini m.","sonego l.",1551.31523157348,1500,NA
"2023-wimbledon-1107","wimbledon",2023,"31:55:57",112,"Matteo Berrettini","Lorenzo Sonego",91,2,2,1,"B","NCTL",4,8,10.786,12.972,0,0.775516342490475,"berrettini m.","sonego l.",1551.31523157348,1500,NA
"2023-wimbledon-1107","wimbledon",2023,"31:56:45",113,"Matteo Berrettini","Lorenzo Sonego",117,1,2,1,"C","NCTL",6,8,27.634,18.407,1,0.997092440344897,"berrettini m.","sonego l.",1551.31523157348,1500,NA
"2023-wimbledon-1107","wimbledon",2023,"31:58:18",115,"Matteo Berrettini","Lorenzo Sonego",80,2,2,1,"B","NCTL",4,8,12.082,11.239,0,0.681772608782835,"berrettini m.","sonego l.",1551.31523157348,1500,NA
"2023-wimbledon-1107","wimbledon",2023,"31:59:29",116,"Matteo Berrettini","Lorenzo Sonego",113,1,1,1,"BW","NCTL",1,9,4.226,5.515,1,0.929993903678114,"berrettini m.","sonego l.",1551.31523157348,1500,NA
"2023-wimbledon-1107","wimbledon",2023,"31:59:50",117,"Matteo Berrettini","Lorenzo Sonego",98,2,1,1,"BW","NCTL",3,9,7.258,11.137,0,0.806543385490754,"berrettini m.","sonego l.",1551.31523157348,1500,NA
"2023-wimbledon-1107","wimbledon",2023,"32:00:29",118,"Matteo Berrettini","Lorenzo Sonego",111,1,1,1,"W","NCTL",1,9,0.708,1.208,1,0.913533834586466,"berrettini m.","sonego l.",1551.31523157348,1500,NA
"2023-wimbledon-1107","wimbledon",2023,"32:00:53",119,"Matteo Berrettini","Lorenzo Sonego",121,1,1,1,"C","NCTL",3,9,9.222,11.048,1,0.995834180044706,"berrettini m.","sonego l.",1551.31523157348,1500,NA
"2023-wimbledon-1107","wimbledon",2023,"32:03:13",120,"Matteo Berrettini","Lorenzo Sonego",107,1,2,2,"W","CTL",1,1,6.804,5.385,0,0.911870864247042,"berrettini m.","sonego l.",1551.31523157348,1500,NA
"2023-wimbledon-1107","wimbledon",2023,"32:03:37",121,"Matteo Berrettini","Lorenzo Sonego",123,1,2,2,"BC","NCTL",1,1,5.732,7.863,0,1.04822538600361,"berrettini m.","sonego l.",1551.31523157348,1500,NA
"2023-wimbledon-1107","wimbledon",2023,"32:04:01",122,"Matteo Berrettini","Lorenzo Sonego",126,1,2,1,"BC","CTL",2,1,16.33,34.153,1,1.07379185883297,"berrettini m.","sonego l.",1551.31523157348,1500,NA
"2023-wimbledon-1107","wimbledon",2023,"32:04:37",123,"Matteo Berrettini","Lorenzo Sonego",124,1,2,2,"C","NCTL",5,1,19.777,29.913,0,1.05674754361339,"berrettini m.","sonego l.",1551.31523157348,1500,NA
"2023-wimbledon-1107","wimbledon",2023,"32:05:10",124,"Matteo Berrettini","Lorenzo Sonego",118,1,2,2,"C","NCTL",3,1,7.189,8.068,0,1.00561459795468,"berrettini m.","sonego l.",1551.31523157348,1500,NA
"2023-wimbledon-1107","wimbledon",2023,"32:06:15",125,"Matteo Berrettini","Lorenzo Sonego",108,1,1,2,"W","NCTL",2,2,5.241,11.844,0,0.888843730948994,"berrettini m.","sonego l.",1551.31523157348,1500,NA
"2023-wimbledon-1107","wimbledon",2023,"32:06:42",126,"Matteo Berrettini","Lorenzo Sonego",119,1,1,1,"BW","NCTL",3,2,5.968,15.292,1,0.979374110953058,"berrettini m.","sonego l.",1551.31523157348,1500,NA
"2023-wimbledon-1107","wimbledon",2023,"32:07:12",127,"Matteo Berrettini","Lorenzo Sonego",111,1,1,1,"W","CTL",1,2,14.555,11.64,1,0.913533834586466,"berrettini m.","sonego l.",1551.31523157348,1500,NA
"2023-wimbledon-1107","wimbledon",2023,"32:07:40",128,"Matteo Berrettini","Lorenzo Sonego",128,1,1,1,"C","CTL",1,2,3.449,5.939,1,1.05344442186547,"berrettini m.","sonego l.",1551.31523157348,1500,NA
"2023-wimbledon-1107","wimbledon",2023,"32:08:01",129,"Matteo Berrettini","Lorenzo Sonego",124,1,1,1,"C","NCTL",3,2,12.624,16.644,1,1.02052428368218,"berrettini m.","sonego l.",1551.31523157348,1500,NA
"2023-wimbledon-1107","wimbledon",2023,"32:08:45",130,"Matteo Berrettini","Lorenzo Sonego",102,1,2,2,"W","NCTL",1,3,4.979,3.879,0,0.869260076198115,"berrettini m.","sonego l.",1551.31523157348,1500,NA
"2023-wimbledon-1107","wimbledon",2023,"32:09:08",131,"Matteo Berrettini","Lorenzo Sonego",117,1,2,2,"W","CTL",1,3,9.9,9.493,0,0.997092440344897,"berrettini m.","sonego l.",1551.31523157348,1500,NA
"2023-wimbledon-1107","wimbledon",2023,"32:09:34",132,"Matteo Berrettini","Lorenzo Sonego",96,2,2,2,"BC","NCTL",9,3,32.866,62.958,1,0.818127130539402,"berrettini m.","sonego l.",1551.31523157348,1500,NA
"2023-wimbledon-1107","wimbledon",2023,"32:10:30",133,"Matteo Berrettini","Lorenzo Sonego",117,1,2,2,"W","CTL",1,3,2.974,5.163,0,0.997092440344897,"berrettini m.","sonego l.",1551.31523157348,1500,NA
"2023-wimbledon-1107","wimbledon",2023,"32:12:14",134,"Matteo Berrettini","Lorenzo Sonego",129,1,1,1,"C","NCTL",1,4,0.522,0.699,1,1.0616744564113,"berrettini m.","sonego l.",1551.31523157348,1500,NA
"2023-wimbledon-1107","wimbledon",2023,"32:12:33",135,"Matteo Berrettini","Lorenzo Sonego",106,2,1,1,"C","NCTL",5,4,18.823,24.348,0,0.872383661857346,"berrettini m.","sonego l.",1551.31523157348,1500,NA
"2023-wimbledon-1107","wimbledon",2023,"32:13:19",136,"Matteo Berrettini","Lorenzo Sonego",128,1,1,1,"C","CTL",3,4,12.497,11.482,1,1.05344442186547,"berrettini m.","sonego l.",1551.31523157348,1500,NA
"2023-wimbledon-1107","wimbledon",2023,"32:13:49",137,"Matteo Berrettini","Lorenzo Sonego",104,2,1,1,"BW","NCTL",1,4,3.582,4.507,0,0.855923592765698,"berrettini m.","sonego l.",1551.31523157348,1500,NA
"2023-wimbledon-1107","wimbledon",2023,"32:14:38",138,"Matteo Berrettini","Lorenzo Sonego",119,1,2,2,"C","CTL",1,5,8.814,8.702,0,1.01413675556447,"berrettini m.","sonego l.",1551.31523157348,1500,NA
"2023-wimbledon-1107","wimbledon",2023,"32:15:02",139,"Matteo Berrettini","Lorenzo Sonego",94,2,2,2,"W","CTL",7,5,8.402,12.738,1,0.801082815319831,"berrettini m.","sonego l.",1551.31523157348,1500,NA
"2023-wimbledon-1107","wimbledon",2023,"32:16:07",140,"Matteo Berrettini","Lorenzo Sonego",125,1,2,2,"C","NCTL",1,5,6.515,13.556,0,1.06526970122318,"berrettini m.","sonego l.",1551.31523157348,1500,NA
"2023-wimbledon-1107","wimbledon",2023,"32:16:30",141,"Matteo Berrettini","Lorenzo Sonego",104,2,2,2,"B","NCTL",5,5,27.779,24.85,1,0.886304391417686,"berrettini m.","sonego l.",1551.31523157348,1500,NA
"2023-wimbledon-1107","wimbledon",2023,"32:18:30",142,"Matteo Berrettini","Lorenzo Sonego",117,1,1,1,"W","CTL",7,6,26.556,33.327,1,0.96291404186141,"berrettini m.","sonego l.",1551.31523157348,1500,NA
"2023-wimbledon-1107","wimbledon",2023,"32:19:05",143,"Matteo Berrettini","Lorenzo Sonego",105,2,1,1,"BW","NCTL",1,6,9.717,12.21,0,0.864153627311522,"berrettini m.","sonego l.",1551.31523157348,1500,NA
"2023-wimbledon-1107","wimbledon",2023,"32:19:40",144,"Matteo Berrettini","Lorenzo Sonego",119,1,1,1,"W","CTL",3,6,8.646,12.995,1,0.979374110953058,"berrettini m.","sonego l.",1551.31523157348,1500,NA
"2023-wimbledon-1107","wimbledon",2023,"32:20:05",145,"Matteo Berrettini","Lorenzo Sonego",109,2,1,2,"BC","NCTL",4,6,15.512,18.165,1,0.897073765494818,"berrettini m.","sonego l.",1551.31523157348,1500,NA
"2023-wimbledon-1107","wimbledon",2023,"32:20:47",146,"Matteo Berrettini","Lorenzo Sonego",105,2,1,2,"C","NCTL",8,6,22.469,27.216,1,0.864153627311522,"berrettini m.","sonego l.",1551.31523157348,1500,NA
"2023-wimbledon-1107","wimbledon",2023,"32:21:37",147,"Matteo Berrettini","Lorenzo Sonego",119,1,1,1,"W","CTL",1,6,0.632,1.13,1,0.979374110953058,"berrettini m.","sonego l.",1551.31523157348,1500,NA
"2023-wimbledon-1107","wimbledon",2023,"32:22:41",148,"Matteo Berrettini","Lorenzo Sonego",95,2,2,2,"BC","NCTL",5,7,21.276,21.098,1,0.809604972929617,"berrettini m.","sonego l.",1551.31523157348,1500,NA
"2023-wimbledon-1107","wimbledon",2023,"32:23:28",149,"Matteo Berrettini","Lorenzo Sonego",122,1,2,1,"W","NCTL",6,7,31.232,33.617,1,1.03970322839382,"berrettini m.","sonego l.",1551.31523157348,1500,NA
"2023-wimbledon-1107","wimbledon",2023,"32:24:15",150,"Matteo Berrettini","Lorenzo Sonego",123,1,2,2,"C","NCTL",1,7,5.974,6.362,0,1.04822538600361,"berrettini m.","sonego l.",1551.31523157348,1500,NA
"2023-wimbledon-1107","wimbledon",2023,"32:24:43",151,"Matteo Berrettini","Lorenzo Sonego",120,1,2,2,"W","NCTL",3,7,12.291,12.288,0,1.02265891317425,"berrettini m.","sonego l.",1551.31523157348,1500,NA
"2023-wimbledon-1107","wimbledon",2023,"32:25:14",152,"Matteo Berrettini","Lorenzo Sonego",104,2,2,2,"","",1,7,2.636,2.871,1,0.886304391417686,"berrettini m.","sonego l.",1551.31523157348,1500,NA
"2023-wimbledon-1107","wimbledon",2023,"32:27:13",153,"Matteo Berrettini","Lorenzo Sonego",103,2,1,2,"BC","NCTL",4,8,26.726,32.183,1,0.847693558219874,"berrettini m.","sonego l.",1551.31523157348,1500,NA
"2023-wimbledon-1107","wimbledon",2023,"32:27:56",154,"Matteo Berrettini","Lorenzo Sonego",117,1,1,2,"BC","NCTL",8,8,30.532,33.501,0,0.96291404186141,"berrettini m.","sonego l.",1551.31523157348,1500,NA
"2023-wimbledon-1107","wimbledon",2023,"32:28:38",155,"Matteo Berrettini","Lorenzo Sonego",136,1,1,1,"C","NCTL",1,8,0.68,1.23,1,1.11928469823207,"berrettini m.","sonego l.",1551.31523157348,1500,NA
"2023-wimbledon-1107","wimbledon",2023,"32:29:03",156,"Matteo Berrettini","Lorenzo Sonego",98,2,1,1,"B","NCTL",5,8,13.783,24.39,0,0.806543385490754,"berrettini m.","sonego l.",1551.31523157348,1500,NA
"2023-wimbledon-1107","wimbledon",2023,"32:29:52",157,"Matteo Berrettini","Lorenzo Sonego",119,1,1,1,"W","NCTL",3,8,6.024,10.732,1,0.979374110953058,"berrettini m.","sonego l.",1551.31523157348,1500,NA
"2023-wimbledon-1107","wimbledon",2023,"32:30:41",158,"Matteo Berrettini","Lorenzo Sonego",119,1,1,1,"C","NCTL",3,8,14.986,24.596,1,0.979374110953058,"berrettini m.","sonego l.",1551.31523157348,1500,NA
"2023-wimbledon-1107","wimbledon",2023,"32:31:23",159,"Matteo Berrettini","Lorenzo Sonego",120,1,2,2,"C","CTL",5,9,39.681,18.521,0,1.02265891317425,"berrettini m.","sonego l.",1551.31523157348,1500,NA
"2023-wimbledon-1107","wimbledon",2023,"32:31:55",160,"Matteo Berrettini","Lorenzo Sonego",115,1,2,2,"BW","NCTL",1,9,4.731,6.586,0,0.980048125125326,"berrettini m.","sonego l.",1551.31523157348,1500,NA
"2023-wimbledon-1107","wimbledon",2023,"32:32:19",161,"Matteo Berrettini","Lorenzo Sonego",91,2,2,1,"BC","NCTL",2,9,6.945,8.849,0,0.775516342490475,"berrettini m.","sonego l.",1551.31523157348,1500,NA
"2023-wimbledon-1107","wimbledon",2023,"32:33:07",162,"Matteo Berrettini","Lorenzo Sonego",115,1,2,2,"W","CTL",5,9,21.935,20.815,0,0.980048125125326,"berrettini m.","sonego l.",1551.31523157348,1500,NA
"2023-wimbledon-1107","wimbledon",2023,"32:33:39",163,"Matteo Berrettini","Lorenzo Sonego",105,1,2,2,"W","NCTL",3,9,21.74,15.332,0,0.894826549027471,"berrettini m.","sonego l.",1551.31523157348,1500,NA
"2023-wimbledon-1107","wimbledon",2023,"32:35:25",164,"Matteo Berrettini","Lorenzo Sonego",110,1,1,1,"W","CTL",1,10,4.539,5.949,1,0.905303800040642,"berrettini m.","sonego l.",1551.31523157348,1500,NA
"2023-wimbledon-1107","wimbledon",2023,"32:37:23",167,"Matteo Berrettini","Lorenzo Sonego",116,1,1,1,"C","NCTL",1,10,9.095,16.015,1,0.954684007315586,"berrettini m.","sonego l.",1551.31523157348,1500,NA
"2023-wimbledon-1107","wimbledon",2023,"32:38:02",168,"Matteo Berrettini","Lorenzo Sonego",128,1,2,2,"C","NCTL",1,11,3.704,3.11,0,1.09083617405254,"berrettini m.","sonego l.",1551.31523157348,1500,NA
"2023-wimbledon-1107","wimbledon",2023,"32:38:22",169,"Matteo Berrettini","Lorenzo Sonego",118,1,2,2,"W","CTL",1,11,6.305,8.428,0,1.00561459795468,"berrettini m.","sonego l.",1551.31523157348,1500,NA
"2023-wimbledon-1107","wimbledon",2023,"32:38:43",170,"Matteo Berrettini","Lorenzo Sonego",108,1,2,2,"W","CTL",3,11,17.096,16.326,0,0.920393021856828,"berrettini m.","sonego l.",1551.31523157348,1500,NA
"2023-wimbledon-1107","wimbledon",2023,"32:39:08",171,"Matteo Berrettini","Lorenzo Sonego",119,1,2,2,"BC","CTL",5,11,24.426,17.989,0,1.01413675556447,"berrettini m.","sonego l.",1551.31523157348,1500,NA
"2023-wimbledon-1107","wimbledon",2023,"32:40:51",172,"Matteo Berrettini","Lorenzo Sonego",127,1,1,2,"C","NCTL",2,12,7.886,10.057,0,1.04521438731965,"berrettini m.","sonego l.",1551.31523157348,1500,NA
"2023-wimbledon-1107","wimbledon",2023,"32:41:18",173,"Matteo Berrettini","Lorenzo Sonego",114,1,1,1,"C","NCTL",3,12,11.212,14.675,1,0.938223938223938,"berrettini m.","sonego l.",1551.31523157348,1500,NA
"2023-wimbledon-1107","wimbledon",2023,"32:41:51",174,"Matteo Berrettini","Lorenzo Sonego",130,1,1,2,"BC","NCTL",2,12,7.717,9.423,0,1.06990449095712,"berrettini m.","sonego l.",1551.31523157348,1500,NA
"2023-wimbledon-1107","wimbledon",2023,"32:42:57",176,"Matteo Berrettini","Lorenzo Sonego",119,1,1,1,"W","CTL",1,12,4.649,5.919,1,0.979374110953058,"berrettini m.","sonego l.",1551.31523157348,1500,NA
"2023-wimbledon-1107","wimbledon",2023,"32:43:25",177,"Matteo Berrettini","Lorenzo Sonego",108,2,1,2,"BC","NCTL",8,12,31.873,53.071,1,0.888843730948994,"berrettini m.","sonego l.",1551.31523157348,1500,NA
"2023-wimbledon-1107","wimbledon",2023,"32:44:22",178,"Matteo Berrettini","Lorenzo Sonego",105,2,1,1,"B","NCTL",5,12,25.601,59.307,0,0.864153627311522,"berrettini m.","sonego l.",1551.31523157348,1500,NA
"2023-wimbledon-1107","wimbledon",2023,"32:45:16",179,"Matteo Berrettini","Lorenzo Sonego",125,1,1,1,"W","CTL",1,12,12.083,10.794,1,1.028754318228,"berrettini m.","sonego l.",1551.31523157348,1500,NA
"2023-wimbledon-1107","wimbledon",2023,"32:45:56",180,"Matteo Berrettini","Lorenzo Sonego",111,1,2,2,"W","NCTL",1,13,6.671,6.38,0,0.945959494686184,"berrettini m.","sonego l.",1551.31523157348,1500,NA
"2023-wimbledon-1107","wimbledon",2023,"32:46:31",181,"Matteo Berrettini","Lorenzo Sonego",124,1,1,1,"W","CTL",1,13,0.703,1.28,1,1.02052428368218,"berrettini m.","sonego l.",1551.31523157348,1500,NA
"2023-wimbledon-1107","wimbledon",2023,"32:47:00",182,"Matteo Berrettini","Lorenzo Sonego",120,1,1,1,"W","CTL",1,13,0.57,1.027,1,0.987604145498882,"berrettini m.","sonego l.",1551.31523157348,1500,NA
"2023-wimbledon-1107","wimbledon",2023,"32:47:42",183,"Matteo Berrettini","Lorenzo Sonego",93,2,2,2,"BW","NCTL",5,13,17.56,25.403,1,0.792560657710046,"berrettini m.","sonego l.",1551.31523157348,1500,NA
"2023-wimbledon-1107","wimbledon",2023,"32:48:36",184,"Matteo Berrettini","Lorenzo Sonego",122,1,2,2,"BC","NCTL",3,13,11.225,13.92,0,1.03970322839382,"berrettini m.","sonego l.",1551.31523157348,1500,NA
"2023-wimbledon-1107","wimbledon",2023,"32:49:52",185,"Matteo Berrettini","Lorenzo Sonego",120,1,1,1,"C","CTL",3,13,6.468,8.789,1,0.987604145498882,"berrettini m.","sonego l.",1551.31523157348,1500,NA
"2023-wimbledon-1107","wimbledon",2023,"32:50:56",186,"Matteo Berrettini","Lorenzo Sonego",132,1,1,1,"C","NCTL",3,13,6.21,8.505,1,1.08636456004877,"berrettini m.","sonego l.",1551.31523157348,1500,NA
"2023-wimbledon-1107","wimbledon",2023,"32:52:20",188,"Matteo Berrettini","Lorenzo Sonego",118,1,2,2,"B","NCTL",1,13,1.086,0.811,0,1.00561459795468,"berrettini m.","sonego l.",1551.31523157348,1500,NA
"2023-wimbledon-1107","wimbledon",2023,"32:53:00",189,"Matteo Berrettini","Lorenzo Sonego",100,2,1,2,"W","CTL",2,13,0.884,0.952,1,0.823003454582402,"berrettini m.","sonego l.",1551.31523157348,1500,NA
"2023-wimbledon-1107","wimbledon",2023,"32:54:00",190,"Matteo Berrettini","Lorenzo Sonego",107,2,1,1,"BC","NCTL",5,13,17.528,26.975,0,0.88061369640317,"berrettini m.","sonego l.",1551.31523157348,1500,NA
"2023-wimbledon-1107","wimbledon",2023,"32:55:00",191,"Matteo Berrettini","Lorenzo Sonego",117,1,2,2,"C","NCTL",1,13,0.747,0.573,0,0.997092440344897,"berrettini m.","sonego l.",1551.31523157348,1500,NA
"2023-wimbledon-1107","wimbledon",2023,"32:56:06",192,"Matteo Berrettini","Lorenzo Sonego",121,1,2,2,"C","CTL",7,13,27.572,25.65,0,1.03118107078404,"berrettini m.","sonego l.",1551.31523157348,1500,NA
"2023-wimbledon-1107","wimbledon",2023,"32:56:53",193,"Matteo Berrettini","Lorenzo Sonego",121,1,1,1,"W","CTL",3,13,15.2,21.583,1,0.995834180044706,"berrettini m.","sonego l.",1551.31523157348,1500,NA
"2023-wimbledon-1107","wimbledon",2023,"32:57:29",194,"Matteo Berrettini","Lorenzo Sonego",135,1,1,1,"C","NCTL",3,13,20.594,19.46,1,1.11105466368624,"berrettini m.","sonego l.",1551.31523157348,1500,NA
"2023-wimbledon-1107","wimbledon",2023,"32:58:15",195,"Matteo Berrettini","Lorenzo Sonego",88,2,2,1,"BW","NCTL",8,13,25.334,32.592,0,0.749949869661119,"berrettini m.","sonego l.",1551.31523157348,1500,NA
"2023-wimbledon-1107","wimbledon",2023,"33:07:59",196,"Matteo Berrettini","Lorenzo Sonego",106,1,1,1,"W","CTL",1,1,0.858,1.707,1,0.872383661857346,"berrettini m.","sonego l.",1551.31523157348,1500,NA
"2023-wimbledon-1107","wimbledon",2023,"33:08:19",197,"Matteo Berrettini","Lorenzo Sonego",118,1,1,1,"W","CTL",1,1,0.749,1.132,1,0.971144076407234,"berrettini m.","sonego l.",1551.31523157348,1500,NA
"2023-wimbledon-1107","wimbledon",2023,"33:08:37",198,"Matteo Berrettini","Lorenzo Sonego",111,1,1,1,"W","CTL",1,1,0.552,0.912,1,0.913533834586466,"berrettini m.","sonego l.",1551.31523157348,1500,NA
"2023-wimbledon-1107","wimbledon",2023,"33:08:57",199,"Matteo Berrettini","Lorenzo Sonego",111,2,1,2,"BC","NCTL",2,1,7.368,7.164,1,0.913533834586466,"berrettini m.","sonego l.",1551.31523157348,1500,NA
"2023-wimbledon-1107","wimbledon",2023,"33:09:31",200,"Matteo Berrettini","Lorenzo Sonego",106,2,1,1,"C","NCTL",1,1,3.549,7.585,0,0.872383661857346,"berrettini m.","sonego l.",1551.31523157348,1500,NA
"2023-wimbledon-1107","wimbledon",2023,"33:10:49",201,"Matteo Berrettini","Lorenzo Sonego",94,2,2,2,"BC","NCTL",3,2,10.779,15.372,1,0.801082815319831,"berrettini m.","sonego l.",1551.31523157348,1500,NA
"2023-wimbledon-1107","wimbledon",2023,"33:11:33",202,"Matteo Berrettini","Lorenzo Sonego",121,1,2,2,"B","CTL",3,2,5.819,5.291,0,1.03118107078404,"berrettini m.","sonego l.",1551.31523157348,1500,NA
"2023-wimbledon-1107","wimbledon",2023,"33:12:03",203,"Matteo Berrettini","Lorenzo Sonego",98,1,2,2,"W","CTL",1,2,0.996,0.851,0,0.835171445758973,"berrettini m.","sonego l.",1551.31523157348,1500,NA
"2023-wimbledon-1107","wimbledon",2023,"33:12:25",204,"Matteo Berrettini","Lorenzo Sonego",119,1,2,2,"C","NCTL",3,2,6.272,6.333,0,1.01413675556447,"berrettini m.","sonego l.",1551.31523157348,1500,NA
"2023-wimbledon-1107","wimbledon",2023,"33:13:03",205,"Matteo Berrettini","Lorenzo Sonego",112,2,1,2,"BC","NCTL",2,3,6.591,8.192,1,0.92176386913229,"berrettini m.","sonego l.",1551.31523157348,1500,NA
"2023-wimbledon-1107","wimbledon",2023,"33:13:41",206,"Matteo Berrettini","Lorenzo Sonego",100,2,1,1,"BW","NCTL",3,3,6.641,14.751,0,0.823003454582402,"berrettini m.","sonego l.",1551.31523157348,1500,NA
"2023-wimbledon-1107","wimbledon",2023,"51:08:34",207,"Matteo Berrettini","Lorenzo Sonego",131,1,1,1,"C","NCTL",1,3,2.568,3.672,1,1.07813452550295,"berrettini m.","sonego l.",1551.31523157348,1500,NA
"2023-wimbledon-1107","wimbledon",2023,"51:08:53",208,"Matteo Berrettini","Lorenzo Sonego",100,2,1,2,"B","NCTL",2,3,3.496,5.999,1,0.823003454582402,"berrettini m.","sonego l.",1551.31523157348,1500,NA
"2023-wimbledon-1107","wimbledon",2023,"51:09:29",209,"Matteo Berrettini","Lorenzo Sonego",120,1,1,2,"BW","NCTL",8,3,26.961,27.482,0,0.987604145498882,"berrettini m.","sonego l.",1551.31523157348,1500,NA
"2023-wimbledon-1107","wimbledon",2023,"51:10:12",210,"Matteo Berrettini","Lorenzo Sonego",123,1,1,1,"W","CTL",1,3,3.508,5.649,1,1.01229424913635,"berrettini m.","sonego l.",1551.31523157348,1500,NA
"2023-wimbledon-1107","wimbledon",2023,"51:10:37",211,"Matteo Berrettini","Lorenzo Sonego",113,2,1,1,"C","NCTL",1,3,8.278,11.691,0,0.929993903678114,"berrettini m.","sonego l.",1551.31523157348,1500,NA
"2023-wimbledon-1107","wimbledon",2023,"51:11:17",212,"Matteo Berrettini","Lorenzo Sonego",125,1,1,1,"C","NCTL",1,3,0.528,0.945,1,1.028754318228,"berrettini m.","sonego l.",1551.31523157348,1500,NA
"2023-wimbledon-1107","wimbledon",2023,"51:12:49",213,"Matteo Berrettini","Lorenzo Sonego",97,1,2,1,"W","CTL",12,4,37.663,39.25,1,0.826649288149188,"berrettini m.","sonego l.",1551.31523157348,1500,NA
