"match_id","slam","year","ElapsedTime","PointNumber","player1","player2","Speed_MPH","ServeNumber","PointServer","PointWinner","ServeWidth","ServeDepth","RallyCount","GameNo","P1DistanceRun","P2DistanceRun","serving_player_won","speed_ratio","player1_name","player2_name","player1_avg_welo","player2_avg_welo","ElapsedSeconds"
"2022-wimbledon-2109","wimbledon",2022,"0:00:00",1,"Garbine Muguruza","Greet Minnen",84,2,2,2,"BC","NCTL",1,1,0.876,1.397,1,0.843161856963614,"muguruza g.","minnen g.",1500,1522.891844153,0
"2022-wimbledon-2109","wimbledon",2022,"0:00:42",2,"Garbine Muguruza","Greet Minnen",76,2,2,2,"BW","NCTL",3,1,6.45,6.015,1,0.762860727728984,"muguruza g.","minnen g.",1500,1522.891844153,42
"2022-wimbledon-2109","wimbledon",2022,"0:01:14",3,"Garbine Muguruza","Greet Minnen",88,2,2,2,"C","NCTL",3,1,6.826,5.064,1,0.883312421580928,"muguruza g.","minnen g.",1500,1522.891844153,74
"2022-wimbledon-2109","wimbledon",2022,"0:01:48",4,"Garbine Muguruza","Greet Minnen",84,2,2,1,"W","CTL",2,1,3.687,5.121,0,0.843161856963614,"muguruza g.","minnen g.",1500,1522.891844153,108
"2022-wimbledon-2109","wimbledon",2022,"0:02:23",5,"Garbine Muguruza","Greet Minnen",103,1,2,1,"BW","CTL",2,1,3.895,3.487,1,1.03387703889586,"muguruza g.","minnen g.",1500,1522.891844153,143
"2022-wimbledon-2109","wimbledon",2022,"0:02:45",6,"Garbine Muguruza","Greet Minnen",105,1,2,1,"BC","NCTL",2,1,3.08,3.11,1,1.05395232120452,"muguruza g.","minnen g.",1500,1522.891844153,165
"2022-wimbledon-2109","wimbledon",2022,"0:03:08",7,"Garbine Muguruza","Greet Minnen",95,1,2,2,"W","CTL",1,1,6.681,5.766,0,0.95357590966123,"muguruza g.","minnen g.",1500,1522.891844153,188
"2022-wimbledon-2109","wimbledon",2022,"0:03:27",8,"Garbine Muguruza","Greet Minnen",103,1,2,2,"","",1,1,0,0,0,1.03387703889586,"muguruza g.","minnen g.",1500,1522.891844153,207
"2022-wimbledon-2109","wimbledon",2022,"0:04:34",9,"Garbine Muguruza","Greet Minnen",102,1,1,2,"C","CTL",6,2,13.171,12.857,0,1.03204047217538,"muguruza g.","minnen g.",1500,1522.891844153,274
"2022-wimbledon-2109","wimbledon",2022,"0:05:50",11,"Garbine Muguruza","Greet Minnen",95,1,1,1,"","",1,2,0,0,1,0.961214165261383,"muguruza g.","minnen g.",1500,1522.891844153,350
"2022-wimbledon-2109","wimbledon",2022,"0:06:09",12,"Garbine Muguruza","Greet Minnen",99,1,1,2,"C","NCTL",4,2,15.575,17.434,0,1.00168634064081,"muguruza g.","minnen g.",1500,1522.891844153,369
"2022-wimbledon-2109","wimbledon",2022,"0:06:42",13,"Garbine Muguruza","Greet Minnen",101,1,1,2,"BC","NCTL",14,2,37.449,43.247,0,1.02192242833052,"muguruza g.","minnen g.",1500,1522.891844153,402
"2022-wimbledon-2109","wimbledon",2022,"0:07:37",14,"Garbine Muguruza","Greet Minnen",83,2,2,1,"B","NCTL",2,3,4.238,3.152,0,0.833124215809285,"muguruza g.","minnen g.",1500,1522.891844153,457
"2022-wimbledon-2109","wimbledon",2022,"0:08:14",15,"Garbine Muguruza","Greet Minnen",84,1,2,1,"","",4,3,0,0,1,0.843161856963614,"muguruza g.","minnen g.",1500,1522.891844153,494
"2022-wimbledon-2109","wimbledon",2022,"0:08:36",16,"Garbine Muguruza","Greet Minnen",105,1,2,2,"BC","NCTL",3,3,6.677,7.895,0,1.05395232120452,"muguruza g.","minnen g.",1500,1522.891844153,516
"2022-wimbledon-2109","wimbledon",2022,"0:09:00",17,"Garbine Muguruza","Greet Minnen",98,1,2,2,"C","NCTL",1,3,0.696,0.915,0,0.983688833124216,"muguruza g.","minnen g.",1500,1522.891844153,540
"2022-wimbledon-2109","wimbledon",2022,"0:09:21",18,"Garbine Muguruza","Greet Minnen",83,2,2,2,"BC","NCTL",5,3,11.204,10.602,1,0.833124215809285,"muguruza g.","minnen g.",1500,1522.891844153,561
"2022-wimbledon-2109","wimbledon",2022,"0:10:00",19,"Garbine Muguruza","Greet Minnen",80,2,2,2,"BC","NCTL",3,3,7.756,7.661,1,0.803011292346299,"muguruza g.","minnen g.",1500,1522.891844153,600
"2022-wimbledon-2109","wimbledon",2022,"0:11:48",20,"Garbine Muguruza","Greet Minnen",105,1,1,2,"C","NCTL",6,4,10.348,11.998,0,1.06239460370995,"muguruza g.","minnen g.",1500,1522.891844153,708
"2022-wimbledon-2109","wimbledon",2022,"0:12:35",21,"Garbine Muguruza","Greet Minnen",101,1,1,1,"C","CTL",1,4,0.845,0.932,1,1.02192242833052,"muguruza g.","minnen g.",1500,1522.891844153,755
"2022-wimbledon-2109","wimbledon",2022,"0:12:58",22,"Garbine Muguruza","Greet Minnen",82,2,1,2,"C","NCTL",2,4,4.184,4.455,1,0.829679595278246,"muguruza g.","minnen g.",1500,1522.891844153,778
"2022-wimbledon-2109","wimbledon",2022,"0:13:34",23,"Garbine Muguruza","Greet Minnen",84,2,1,1,"","",1,4,0,0,0,0.84991568296796,"muguruza g.","minnen g.",1500,1522.891844153,814
"2022-wimbledon-2109","wimbledon",2022,"0:14:05",24,"Garbine Muguruza","Greet Minnen",104,1,1,1,"C","NCTL",1,4,1.016,1.203,1,1.05227655986509,"muguruza g.","minnen g.",1500,1522.891844153,845
"2022-wimbledon-2109","wimbledon",2022,"0:14:25",25,"Garbine Muguruza","Greet Minnen",98,1,1,1,"BW","NCTL",3,4,4.267,5.531,1,0.991568296795953,"muguruza g.","minnen g.",1500,1522.891844153,865
"2022-wimbledon-2109","wimbledon",2022,"0:15:03",26,"Garbine Muguruza","Greet Minnen",103,1,2,2,"BW","NCTL",3,5,4.41,3.433,0,1.03387703889586,"muguruza g.","minnen g.",1500,1522.891844153,903
"2022-wimbledon-2109","wimbledon",2022,"0:15:26",27,"Garbine Muguruza","Greet Minnen",84,2,2,1,"C","CTL",2,5,5.075,4.403,0,0.843161856963614,"muguruza g.","minnen g.",1500,1522.891844153,926
"2022-wimbledon-2109","wimbledon",2022,"0:16:03",28,"Garbine Muguruza","Greet Minnen",106,1,2,2,"C","NCTL",3,5,12.82,8.366,0,1.06398996235885,"muguruza g.","minnen g.",1500,1522.891844153,963
"2022-wimbledon-2109","wimbledon",2022,"0:16:26",29,"Garbine Muguruza","Greet Minnen",100,1,2,2,"BC","NCTL",3,5,5.413,5.91,0,1.00376411543287,"muguruza g.","minnen g.",1500,1522.891844153,986
"2022-wimbledon-2109","wimbledon",2022,"0:16:50",30,"Garbine Muguruza","Greet Minnen",100,1,2,2,"W","NCTL",1,5,4.717,6.22,0,1.00376411543287,"muguruza g.","minnen g.",1500,1522.891844153,1010
"2022-wimbledon-2109","wimbledon",2022,"0:18:38",31,"Garbine Muguruza","Greet Minnen",86,2,1,1,"BC","NCTL",1,6,1.447,0.937,0,0.870151770657673,"muguruza g.","minnen g.",1500,1522.891844153,1118
"2022-wimbledon-2109","wimbledon",2022,"0:19:15",32,"Garbine Muguruza","Greet Minnen",85,2,1,1,"","",1,6,0,0,0,0.860033726812816,"muguruza g.","minnen g.",1500,1522.891844153,1155
"2022-wimbledon-2109","wimbledon",2022,"0:19:55",33,"Garbine Muguruza","Greet Minnen",85,2,1,2,"BC","NCTL",2,6,8.476,9.051,1,0.860033726812816,"muguruza g.","minnen g.",1500,1522.891844153,1195
"2022-wimbledon-2109","wimbledon",2022,"0:20:35",34,"Garbine Muguruza","Greet Minnen",102,1,1,1,"W","NCTL",1,6,6.291,6.718,1,1.03204047217538,"muguruza g.","minnen g.",1500,1522.891844153,1235
"2022-wimbledon-2109","wimbledon",2022,"0:20:56",35,"Garbine Muguruza","Greet Minnen",88,2,1,2,"B","NCTL",4,6,10.384,8.974,1,0.890387858347386,"muguruza g.","minnen g.",1500,1522.891844153,1256
"2022-wimbledon-2109","wimbledon",2022,"0:21:37",36,"Garbine Muguruza","Greet Minnen",85,2,1,1,"B","NCTL",5,6,15.346,16.425,0,0.860033726812816,"muguruza g.","minnen g.",1500,1522.891844153,1297
"2022-wimbledon-2109","wimbledon",2022,"0:22:30",37,"Garbine Muguruza","Greet Minnen",98,1,2,1,"W","CTL",2,7,4.75,3.256,1,0.983688833124216,"muguruza g.","minnen g.",1500,1522.891844153,1350
"2022-wimbledon-2109","wimbledon",2022,"0:22:55",38,"Garbine Muguruza","Greet Minnen",100,1,2,2,"C","NCTL",3,7,8.153,7.004,0,1.00376411543287,"muguruza g.","minnen g.",1500,1522.891844153,1375
"2022-wimbledon-2109","wimbledon",2022,"0:23:21",39,"Garbine Muguruza","Greet Minnen",104,1,2,1,"C","CTL",4,7,12.147,9.154,1,1.04391468005019,"muguruza g.","minnen g.",1500,1522.891844153,1401
"2022-wimbledon-2109","wimbledon",2022,"0:23:48",40,"Garbine Muguruza","Greet Minnen",104,1,2,2,"BC","NCTL",7,7,16.295,16.571,0,1.04391468005019,"muguruza g.","minnen g.",1500,1522.891844153,1428
"2022-wimbledon-2109","wimbledon",2022,"0:24:21",41,"Garbine Muguruza","Greet Minnen",92,1,2,2,"W","CTL",3,7,3.961,2.705,0,0.923462986198243,"muguruza g.","minnen g.",1500,1522.891844153,1461
"2022-wimbledon-2109","wimbledon",2022,"0:24:47",42,"Garbine Muguruza","Greet Minnen",101,1,2,1,"BC","NCTL",16,7,63.973,48.998,1,1.0138017565872,"muguruza g.","minnen g.",1500,1522.891844153,1487
"2022-wimbledon-2109","wimbledon",2022,"0:25:36",43,"Garbine Muguruza","Greet Minnen",84,2,2,1,"BC","NCTL",14,7,34.352,37.433,0,0.843161856963614,"muguruza g.","minnen g.",1500,1522.891844153,1536
"2022-wimbledon-2109","wimbledon",2022,"0:26:34",44,"Garbine Muguruza","Greet Minnen",77,2,2,2,"BW","NCTL",3,7,13.008,12.528,1,0.772898368883312,"muguruza g.","minnen g.",1500,1522.891844153,1594
"2022-wimbledon-2109","wimbledon",2022,"0:27:16",45,"Garbine Muguruza","Greet Minnen",84,2,2,2,"BC","NCTL",17,7,47.052,44.112,1,0.843161856963614,"muguruza g.","minnen g.",1500,1522.891844153,1636
"2022-wimbledon-2109","wimbledon",2022,"0:28:20",46,"Garbine Muguruza","Greet Minnen",102,1,2,2,"C","NCTL",3,7,7.1,5.073,0,1.02383939774153,"muguruza g.","minnen g.",1500,1522.891844153,1700
"2022-wimbledon-2109","wimbledon",2022,"0:30:06",47,"Garbine Muguruza","Greet Minnen",101,1,1,1,"C","NCTL",3,8,2.811,4.626,1,1.02192242833052,"muguruza g.","minnen g.",1500,1522.891844153,1806
"2022-wimbledon-2109","wimbledon",2022,"0:30:28",48,"Garbine Muguruza","Greet Minnen",80,2,1,2,"B","NCTL",2,8,4.695,3.922,1,0.809443507588533,"muguruza g.","minnen g.",1500,1522.891844153,1828
"2022-wimbledon-2109","wimbledon",2022,"0:31:04",49,"Garbine Muguruza","Greet Minnen",89,2,1,1,"C","NCTL",1,8,0.863,1.173,0,0.900505902192243,"muguruza g.","minnen g.",1500,1522.891844153,1864
"2022-wimbledon-2109","wimbledon",2022,"0:31:38",50,"Garbine Muguruza","Greet Minnen",88,2,1,1,"B","NCTL",3,8,8.222,8.919,0,0.890387858347386,"muguruza g.","minnen g.",1500,1522.891844153,1898
"2022-wimbledon-2109","wimbledon",2022,"0:32:18",51,"Garbine Muguruza","Greet Minnen",104,1,1,1,"","",1,8,0,0,1,1.05227655986509,"muguruza g.","minnen g.",1500,1522.891844153,1938
"2022-wimbledon-2109","wimbledon",2022,"0:33:25",53,"Garbine Muguruza","Greet Minnen",101,1,2,2,"C","NCTL",1,9,5.897,5.929,0,1.0138017565872,"muguruza g.","minnen g.",1500,1522.891844153,2005
"2022-wimbledon-2109","wimbledon",2022,"0:33:48",54,"Garbine Muguruza","Greet Minnen",98,1,2,1,"W","CTL",2,9,8.144,5.671,1,0.983688833124216,"muguruza g.","minnen g.",1500,1522.891844153,2028
"2022-wimbledon-2109","wimbledon",2022,"0:34:13",55,"Garbine Muguruza","Greet Minnen",79,2,2,1,"B","NCTL",2,9,13.788,16.238,0,0.79297365119197,"muguruza g.","minnen g.",1500,1522.891844153,2053
"2022-wimbledon-2109","wimbledon",2022,"0:34:51",56,"Garbine Muguruza","Greet Minnen",105,1,2,1,"B","NCTL",4,9,25.858,26.408,1,1.05395232120452,"muguruza g.","minnen g.",1500,1522.891844153,2091
"2022-wimbledon-2109","wimbledon",2022,"0:36:38",57,"Garbine Muguruza","Greet Minnen",92,1,1,1,"W","CTL",1,10,12.298,13.909,1,0.930860033726813,"muguruza g.","minnen g.",1500,1522.891844153,2198
"2022-wimbledon-2109","wimbledon",2022,"0:36:58",58,"Garbine Muguruza","Greet Minnen",98,1,1,1,"BC","NCTL",1,10,24.002,27.23,1,0.991568296795953,"muguruza g.","minnen g.",1500,1522.891844153,2218
"2022-wimbledon-2109","wimbledon",2022,"0:37:19",59,"Garbine Muguruza","Greet Minnen",90,2,1,2,"C","NCTL",2,10,17.22,19.903,1,0.9106239460371,"muguruza g.","minnen g.",1500,1522.891844153,2239
"2022-wimbledon-2109","wimbledon",2022,"0:38:54",61,"Garbine Muguruza","Greet Minnen",104,1,1,1,"BW","CTL",1,10,15.324,16.708,1,1.05227655986509,"muguruza g.","minnen g.",1500,1522.891844153,2334
"2022-wimbledon-2109","wimbledon",2022,"0:38:54",62,"Garbine Muguruza","Greet Minnen",82,2,1,2,"BW","NCTL",6,10,48.624,23.057,1,0.829679595278246,"muguruza g.","minnen g.",1500,1522.891844153,2334
"2022-wimbledon-2109","wimbledon",2022,"0:39:53",63,"Garbine Muguruza","Greet Minnen",94,1,1,1,"BW","NCTL",7,10,35.971,87.902,1,0.951096121416526,"muguruza g.","minnen g.",1500,1522.891844153,2393
"2022-wimbledon-2109","wimbledon",2022,"0:40:47",64,"Garbine Muguruza","Greet Minnen",88,2,1,2,"BW","NCTL",2,10,28.34,15.244,1,0.890387858347386,"muguruza g.","minnen g.",1500,1522.891844153,2447
"2022-wimbledon-2109","wimbledon",2022,"0:41:26",65,"Garbine Muguruza","Greet Minnen",84,2,1,2,"BC","NCTL",4,10,30.736,31.898,1,0.84991568296796,"muguruza g.","minnen g.",1500,1522.891844153,2486
"2022-wimbledon-2109","wimbledon",2022,"0:42:07",66,"Garbine Muguruza","Greet Minnen",104,1,1,1,"W","CTL",1,10,12.352,14.487,1,1.05227655986509,"muguruza g.","minnen g.",1500,1522.891844153,2527
"2022-wimbledon-2109","wimbledon",2022,"0:42:28",67,"Garbine Muguruza","Greet Minnen",101,1,1,2,"BW","CTL",8,10,48.017,43.31,0,1.02192242833052,"muguruza g.","minnen g.",1500,1522.891844153,2548
"2022-wimbledon-2109","wimbledon",2022,"0:43:04",68,"Garbine Muguruza","Greet Minnen",103,1,1,2,"W","CTL",4,10,14.147,21.782,0,1.04215851602024,"muguruza g.","minnen g.",1500,1522.891844153,2584
"2022-wimbledon-2109","wimbledon",2022,"19:18:16",69,"Garbine Muguruza","Greet Minnen",95,1,2,2,"BW","NCTL",1,1,15.741,13.286,0,0.95357590966123,"muguruza g.","minnen g.",1500,1522.891844153,69496
"2022-wimbledon-2109","wimbledon",2022,"19:18:34",70,"Garbine Muguruza","Greet Minnen",101,1,2,2,"BC","NCTL",3,1,23.475,21.993,0,1.0138017565872,"muguruza g.","minnen g.",1500,1522.891844153,69514
"2022-wimbledon-2109","wimbledon",2022,"19:18:55",71,"Garbine Muguruza","Greet Minnen",80,2,2,2,"BC","NCTL",1,1,15.758,16.466,1,0.803011292346299,"muguruza g.","minnen g.",1500,1522.891844153,69535
"2022-wimbledon-2109","wimbledon",2022,"19:19:27",72,"Garbine Muguruza","Greet Minnen",98,1,2,2,"C","NCTL",1,1,17.388,15.154,0,0.983688833124216,"muguruza g.","minnen g.",1500,1522.891844153,69567
"2022-wimbledon-2109","wimbledon",2022,"19:20:17",73,"Garbine Muguruza","Greet Minnen",91,1,1,2,"BC","NCTL",2,2,19.689,21.702,0,0.920741989881956,"muguruza g.","minnen g.",1500,1522.891844153,69617
"2022-wimbledon-2109","wimbledon",2022,"19:20:42",74,"Garbine Muguruza","Greet Minnen",78,2,1,2,"BW","NCTL",2,2,18.432,19.877,1,0.78920741989882,"muguruza g.","minnen g.",1500,1522.891844153,69642
"2022-wimbledon-2109","wimbledon",2022,"19:21:21",75,"Garbine Muguruza","Greet Minnen",82,2,1,1,"BC","NCTL",11,2,57.941,57.101,0,0.829679595278246,"muguruza g.","minnen g.",1500,1522.891844153,69681
"2022-wimbledon-2109","wimbledon",2022,"19:22:16",76,"Garbine Muguruza","Greet Minnen",96,1,1,1,"BC","NCTL",1,2,28.072,15.294,1,0.97133220910624,"muguruza g.","minnen g.",1500,1522.891844153,69736
"2022-wimbledon-2109","wimbledon",2022,"19:22:45",77,"Garbine Muguruza","Greet Minnen",81,2,1,2,"BC","NCTL",2,2,20.108,22.188,1,0.81956155143339,"muguruza g.","minnen g.",1500,1522.891844153,69765
"2022-wimbledon-2109","wimbledon",2022,"19:23:24",78,"Garbine Muguruza","Greet Minnen",83,1,1,2,"W","CTL",2,2,25.082,22.244,0,0.839797639123103,"muguruza g.","minnen g.",1500,1522.891844153,69804
"2022-wimbledon-2109","wimbledon",2022,"19:23:59",79,"Garbine Muguruza","Greet Minnen",97,1,2,2,"W","NCTL",3,3,23.205,16.321,0,0.973651191969887,"muguruza g.","minnen g.",1500,1522.891844153,69839
"2022-wimbledon-2109","wimbledon",2022,"19:24:22",80,"Garbine Muguruza","Greet Minnen",78,2,2,1,"BW","CTL",2,3,14.37,17.354,0,0.782936010037641,"muguruza g.","minnen g.",1500,1522.891844153,69862
"2022-wimbledon-2109","wimbledon",2022,"19:24:54",81,"Garbine Muguruza","Greet Minnen",99,1,2,2,"BW","NCTL",7,3,39.324,30.547,0,0.993726474278545,"muguruza g.","minnen g.",1500,1522.891844153,69894
"2022-wimbledon-2109","wimbledon",2022,"19:25:27",82,"Garbine Muguruza","Greet Minnen",104,1,2,2,"BW","CTL",3,3,32.663,32.694,0,1.04391468005019,"muguruza g.","minnen g.",1500,1522.891844153,69927
"2022-wimbledon-2109","wimbledon",2022,"19:25:50",83,"Garbine Muguruza","Greet Minnen",95,1,2,2,"W","CTL",1,3,18.98,17.456,0,0.95357590966123,"muguruza g.","minnen g.",1500,1522.891844153,69950
"2022-wimbledon-2109","wimbledon",2022,"19:27:28",84,"Garbine Muguruza","Greet Minnen",100,1,1,1,"B","NCTL",3,4,24.873,19.241,1,1.01180438448567,"muguruza g.","minnen g.",1500,1522.891844153,70048
"2022-wimbledon-2109","wimbledon",2022,"19:27:49",85,"Garbine Muguruza","Greet Minnen",100,1,1,2,"BW","CTL",4,4,23.195,24.689,0,1.01180438448567,"muguruza g.","minnen g.",1500,1522.891844153,70069
"2022-wimbledon-2109","wimbledon",2022,"19:28:16",86,"Garbine Muguruza","Greet Minnen",85,2,1,2,"BC","NCTL",2,4,44.689,46.795,1,0.860033726812816,"muguruza g.","minnen g.",1500,1522.891844153,70096
"2022-wimbledon-2109","wimbledon",2022,"19:28:52",87,"Garbine Muguruza","Greet Minnen",92,1,1,2,"W","NCTL",2,4,16.769,22.035,0,0.930860033726813,"muguruza g.","minnen g.",1500,1522.891844153,70132
"2022-wimbledon-2109","wimbledon",2022,"19:29:16",88,"Garbine Muguruza","Greet Minnen",103,1,1,1,"C","NCTL",1,4,13.777,16.251,1,1.04215851602024,"muguruza g.","minnen g.",1500,1522.891844153,70156
"2022-wimbledon-2109","wimbledon",2022,"19:29:34",89,"Garbine Muguruza","Greet Minnen",83,2,1,2,"BW","NCTL",2,4,18.387,18.209,1,0.839797639123103,"muguruza g.","minnen g.",1500,1522.891844153,70174
"2022-wimbledon-2109","wimbledon",2022,"19:30:21",90,"Garbine Muguruza","Greet Minnen",93,1,2,2,"BW","NCTL",5,5,37.069,29.98,0,0.933500627352572,"muguruza g.","minnen g.",1500,1522.891844153,70221
"2022-wimbledon-2109","wimbledon",2022,"19:30:47",91,"Garbine Muguruza","Greet Minnen",100,1,2,2,"BW","NCTL",3,5,20.427,18.325,0,1.00376411543287,"muguruza g.","minnen g.",1500,1522.891844153,70247
"2022-wimbledon-2109","wimbledon",2022,"19:31:11",92,"Garbine Muguruza","Greet Minnen",98,1,2,2,"W","NCTL",5,5,42.229,34.952,0,0.983688833124216,"muguruza g.","minnen g.",1500,1522.891844153,70271
"2022-wimbledon-2109","wimbledon",2022,"19:31:38",93,"Garbine Muguruza","Greet Minnen",101,1,2,2,"C","CTL",1,5,13.772,12.473,0,1.0138017565872,"muguruza g.","minnen g.",1500,1522.891844153,70298
"2022-wimbledon-2109","wimbledon",2022,"19:33:03",94,"Garbine Muguruza","Greet Minnen",99,1,1,2,"B","CTL",2,6,20.309,23.045,0,1.00168634064081,"muguruza g.","minnen g.",1500,1522.891844153,70383
"2022-wimbledon-2109","wimbledon",2022,"19:33:30",95,"Garbine Muguruza","Greet Minnen",90,1,1,2,"B","NCTL",2,6,23.648,23.732,0,0.9106239460371,"muguruza g.","minnen g.",1500,1522.891844153,70410
"2022-wimbledon-2109","wimbledon",2022,"19:33:52",96,"Garbine Muguruza","Greet Minnen",102,1,1,1,"B","CTL",3,6,37.303,38.212,1,1.03204047217538,"muguruza g.","minnen g.",1500,1522.891844153,70432
"2022-wimbledon-2109","wimbledon",2022,"19:34:13",97,"Garbine Muguruza","Greet Minnen",82,2,1,2,"BW","NCTL",10,6,55.177,56.458,1,0.829679595278246,"muguruza g.","minnen g.",1500,1522.891844153,70453
"2022-wimbledon-2109","wimbledon",2022,"19:35:01",98,"Garbine Muguruza","Greet Minnen",103,1,1,1,"BC","NCTL",1,6,14.314,18.699,1,1.04215851602024,"muguruza g.","minnen g.",1500,1522.891844153,70501
"2022-wimbledon-2109","wimbledon",2022,"19:35:30",99,"Garbine Muguruza","Greet Minnen",98,1,1,2,"B","NCTL",2,6,20.826,20.202,0,0.991568296795953,"muguruza g.","minnen g.",1500,1522.891844153,70530
"2022-wimbledon-2120","wimbledon",2022,"0:00:00",1,"Jasmine Paolini","Petra Kvitova",74,2,1,2,"BW","CTL",8,1,25.641,20.743,1,0.777983920841064,"paolini j.","kvitova p.",1500,1535.63132636046,0
"2022-wimbledon-2120","wimbledon",2022,"0:00:36",2,"Jasmine Paolini","Petra Kvitova",101,1,1,1,"C","NCTL",3,1,13.456,15.139,1,1.06184291898578,"paolini j.","kvitova p.",1500,1535.63132636046,36
"2022-wimbledon-2120","wimbledon",2022,"0:01:00",3,"Jasmine Paolini","Petra Kvitova",80,2,1,1,"BC","CTL",9,1,26.645,30.92,0,0.841063698206555,"paolini j.","kvitova p.",1500,1535.63132636046,60
"2022-wimbledon-2120","wimbledon",2022,"0:01:44",4,"Jasmine Paolini","Petra Kvitova",80,2,1,2,"B","NCTL",2,1,6.661,4.941,1,0.841063698206555,"paolini j.","kvitova p.",1500,1535.63132636046,104
"2022-wimbledon-2120","wimbledon",2022,"0:02:16",5,"Jasmine Paolini","Petra Kvitova",92,1,1,1,"W","CTL",1,1,1.345,0.408,1,0.967223252937539,"paolini j.","kvitova p.",1500,1535.63132636046,136
"2022-wimbledon-2120","wimbledon",2022,"0:02:36",6,"Jasmine Paolini","Petra Kvitova",101,1,1,1,"BC","CTL",3,1,9.777,9.779,1,1.06184291898578,"paolini j.","kvitova p.",1500,1535.63132636046,156
"2022-wimbledon-2120","wimbledon",2022,"0:04:00",8,"Jasmine Paolini","Petra Kvitova",93,2,2,2,"W","CTL",3,2,8.431,7.007,1,0.935415563790365,"paolini j.","kvitova p.",1500,1535.63132636046,240
"2022-wimbledon-2120","wimbledon",2022,"0:04:45",9,"Jasmine Paolini","Petra Kvitova",98,1,2,2,"BW","NCTL",3,2,11.725,9.699,0,0.985706723133933,"paolini j.","kvitova p.",1500,1535.63132636046,285
"2022-wimbledon-2120","wimbledon",2022,"0:05:09",10,"Jasmine Paolini","Petra Kvitova",96,1,2,1,"W","CTL",4,2,22.749,12.799,1,0.965590259396506,"paolini j.","kvitova p.",1500,1535.63132636046,309
"2022-wimbledon-2120","wimbledon",2022,"0:05:38",11,"Jasmine Paolini","Petra Kvitova",103,1,2,2,"W","NCTL",1,2,2.975,2.339,0,1.0359978824775,"paolini j.","kvitova p.",1500,1535.63132636046,338
"2022-wimbledon-2120","wimbledon",2022,"0:06:35",13,"Jasmine Paolini","Petra Kvitova",95,2,2,2,"B","NCTL",3,2,6.944,7.371,1,0.955532027527793,"paolini j.","kvitova p.",1500,1535.63132636046,395
"2022-wimbledon-2120","wimbledon",2022,"0:07:18",14,"Jasmine Paolini","Petra Kvitova",102,1,2,2,"BC","NCTL",1,2,7.87,6.592,0,1.02593965060879,"paolini j.","kvitova p.",1500,1535.63132636046,438
"2022-wimbledon-2120","wimbledon",2022,"0:08:22",16,"Jasmine Paolini","Petra Kvitova",79,2,1,1,"BC","CTL",1,3,4.56,6.615,0,0.830550401978973,"paolini j.","kvitova p.",1500,1535.63132636046,502
"2022-wimbledon-2120","wimbledon",2022,"0:08:52",17,"Jasmine Paolini","Petra Kvitova",94,1,1,2,"B","CTL",4,3,12.117,11.946,0,0.988249845392702,"paolini j.","kvitova p.",1500,1535.63132636046,532
"2022-wimbledon-2120","wimbledon",2022,"0:09:20",18,"Jasmine Paolini","Petra Kvitova",76,2,1,1,"B","CTL",1,3,4.333,3.411,0,0.799010513296228,"paolini j.","kvitova p.",1500,1535.63132636046,560
"2022-wimbledon-2120","wimbledon",2022,"0:09:52",19,"Jasmine Paolini","Petra Kvitova",81,2,1,1,"BW","NCTL",1,3,3.469,3.104,0,0.851576994434137,"paolini j.","kvitova p.",1500,1535.63132636046,592
"2022-wimbledon-2120","wimbledon",2022,"0:10:22",20,"Jasmine Paolini","Petra Kvitova",95,1,1,1,"BW","NCTL",1,3,3.325,2.832,1,0.998763141620284,"paolini j.","kvitova p.",1500,1535.63132636046,622
"2022-wimbledon-2120","wimbledon",2022,"0:11:59",21,"Jasmine Paolini","Petra Kvitova",93,2,2,1,"BC","NCTL",2,4,9.928,8.48,0,0.935415563790365,"paolini j.","kvitova p.",1500,1535.63132636046,719
"2022-wimbledon-2120","wimbledon",2022,"0:12:36",22,"Jasmine Paolini","Petra Kvitova",94,1,2,2,"BW","NCTL",3,4,7.461,4.674,0,0.945473795659079,"paolini j.","kvitova p.",1500,1535.63132636046,756
"2022-wimbledon-2120","wimbledon",2022,"0:13:35",24,"Jasmine Paolini","Petra Kvitova",95,2,2,2,"W","CTL",1,4,4.219,4.465,1,0.955532027527793,"paolini j.","kvitova p.",1500,1535.63132636046,815
"2022-wimbledon-2120","wimbledon",2022,"0:14:11",25,"Jasmine Paolini","Petra Kvitova",96,2,2,2,"C","NCTL",3,4,6.795,4.93,1,0.965590259396506,"paolini j.","kvitova p.",1500,1535.63132636046,851
"2022-wimbledon-2120","wimbledon",2022,"0:14:49",26,"Jasmine Paolini","Petra Kvitova",106,1,2,2,"C","NCTL",3,4,17.163,15.932,0,1.06617257808364,"paolini j.","kvitova p.",1500,1535.63132636046,889
"2022-wimbledon-2120","wimbledon",2022,"0:15:22",27,"Jasmine Paolini","Petra Kvitova",101,1,1,1,"BC","NCTL",1,5,3.695,3.054,1,1.06184291898578,"paolini j.","kvitova p.",1500,1535.63132636046,922
"2022-wimbledon-2120","wimbledon",2022,"0:15:39",28,"Jasmine Paolini","Petra Kvitova",101,1,1,1,"C","CTL",1,5,5.287,5.044,1,1.06184291898578,"paolini j.","kvitova p.",1500,1535.63132636046,939
"2022-wimbledon-2120","wimbledon",2022,"0:15:57",29,"Jasmine Paolini","Petra Kvitova",76,2,1,1,"B","NCTL",1,5,3.661,2.65,0,0.799010513296228,"paolini j.","kvitova p.",1500,1535.63132636046,957
"2022-wimbledon-2120","wimbledon",2022,"0:16:26",30,"Jasmine Paolini","Petra Kvitova",85,2,1,1,"BW","NCTL",1,5,4.159,3.611,0,0.893630179344465,"paolini j.","kvitova p.",1500,1535.63132636046,986
"2022-wimbledon-2120","wimbledon",2022,"0:18:19",31,"Jasmine Paolini","Petra Kvitova",94,2,2,1,"C","CTL",2,6,7.547,6.155,0,0.945473795659079,"paolini j.","kvitova p.",1500,1535.63132636046,1099
"2022-wimbledon-2120","wimbledon",2022,"0:19:06",32,"Jasmine Paolini","Petra Kvitova",104,1,2,1,"BC","CTL",2,6,10.961,9.702,1,1.04605611434622,"paolini j.","kvitova p.",1500,1535.63132636046,1146
"2022-wimbledon-2120","wimbledon",2022,"0:19:33",33,"Jasmine Paolini","Petra Kvitova",101,1,2,1,"B","NCTL",2,6,6.756,6.289,1,1.01588141874007,"paolini j.","kvitova p.",1500,1535.63132636046,1173
"2022-wimbledon-2120","wimbledon",2022,"0:19:57",34,"Jasmine Paolini","Petra Kvitova",96,2,2,2,"B","NCTL",3,6,11.926,12.783,1,0.965590259396506,"paolini j.","kvitova p.",1500,1535.63132636046,1197
"2022-wimbledon-2120","wimbledon",2022,"0:20:38",35,"Jasmine Paolini","Petra Kvitova",94,2,2,2,"BW","CTL",3,6,8.961,7.492,1,0.945473795659079,"paolini j.","kvitova p.",1500,1535.63132636046,1238
"2022-wimbledon-2120","wimbledon",2022,"0:21:18",36,"Jasmine Paolini","Petra Kvitova",97,1,2,1,"W","NCTL",6,6,20.173,17.331,1,0.97564849126522,"paolini j.","kvitova p.",1500,1535.63132636046,1278
"2022-wimbledon-2120","wimbledon",2022,"0:21:56",37,"Jasmine Paolini","Petra Kvitova",91,1,1,1,"B","NCTL",7,7,18.647,18.896,1,0.956709956709957,"paolini j.","kvitova p.",1500,1535.63132636046,1316
"2022-wimbledon-2120","wimbledon",2022,"0:22:25",38,"Jasmine Paolini","Petra Kvitova",78,2,1,1,"BC","NCTL",1,7,3.919,3.422,0,0.820037105751391,"paolini j.","kvitova p.",1500,1535.63132636046,1345
"2022-wimbledon-2120","wimbledon",2022,"0:22:58",39,"Jasmine Paolini","Petra Kvitova",92,1,1,1,"BW","NCTL",3,7,6.012,8.073,1,0.967223252937539,"paolini j.","kvitova p.",1500,1535.63132636046,1378
"2022-wimbledon-2120","wimbledon",2022,"0:23:21",40,"Jasmine Paolini","Petra Kvitova",83,2,1,2,"BC","NCTL",2,7,6.013,6.573,1,0.872603586889301,"paolini j.","kvitova p.",1500,1535.63132636046,1401
"2022-wimbledon-2120","wimbledon",2022,"0:23:57",41,"Jasmine Paolini","Petra Kvitova",94,1,1,1,"B","NCTL",3,7,9.644,11.74,1,0.988249845392702,"paolini j.","kvitova p.",1500,1535.63132636046,1437
"2022-wimbledon-2120","wimbledon",2022,"0:25:39",42,"Jasmine Paolini","Petra Kvitova",101,1,2,2,"C","NCTL",3,8,13.856,11.895,0,1.01588141874007,"paolini j.","kvitova p.",1500,1535.63132636046,1539
"2022-wimbledon-2120","wimbledon",2022,"0:28:09",46,"Jasmine Paolini","Petra Kvitova",98,1,2,2,"C","NCTL",3,8,11.398,9.869,0,0.985706723133933,"paolini j.","kvitova p.",1500,1535.63132636046,1689
"2022-wimbledon-2120","wimbledon",2022,"0:28:34",47,"Jasmine Paolini","Petra Kvitova",93,2,2,1,"BW","NCTL",2,8,8.346,7.629,0,0.935415563790365,"paolini j.","kvitova p.",1500,1535.63132636046,1714
"2022-wimbledon-2120","wimbledon",2022,"0:32:08",49,"Jasmine Paolini","Petra Kvitova",83,1,1,2,"BC","NCTL",2,1,6.417,7.738,0,0.872603586889301,"paolini j.","kvitova p.",1500,1535.63132636046,1928
"2022-wimbledon-2120","wimbledon",2022,"0:32:30",50,"Jasmine Paolini","Petra Kvitova",97,1,1,1,"BC","CTL",1,1,5.072,4.377,1,1.01978973407545,"paolini j.","kvitova p.",1500,1535.63132636046,1950
"2022-wimbledon-2120","wimbledon",2022,"0:32:48",51,"Jasmine Paolini","Petra Kvitova",88,1,1,1,"W","NCTL",1,1,5.192,6.725,1,0.925170068027211,"paolini j.","kvitova p.",1500,1535.63132636046,1968
"2022-wimbledon-2120","wimbledon",2022,"0:33:09",52,"Jasmine Paolini","Petra Kvitova",82,2,1,2,"BW","CTL",4,1,10.738,10.206,1,0.862090290661719,"paolini j.","kvitova p.",1500,1535.63132636046,1989
"2022-wimbledon-2120","wimbledon",2022,"0:33:56",53,"Jasmine Paolini","Petra Kvitova",80,2,1,1,"BC","NCTL",5,1,19.207,17.382,0,0.841063698206555,"paolini j.","kvitova p.",1500,1535.63132636046,2036
"2022-wimbledon-2120","wimbledon",2022,"0:34:35",54,"Jasmine Paolini","Petra Kvitova",86,1,1,2,"B","NCTL",2,1,8.719,10.356,0,0.904143475572047,"paolini j.","kvitova p.",1500,1535.63132636046,2075
"2022-wimbledon-2120","wimbledon",2022,"0:34:58",55,"Jasmine Paolini","Petra Kvitova",97,1,1,2,"C","NCTL",2,1,6.36,7.235,0,1.01978973407545,"paolini j.","kvitova p.",1500,1535.63132636046,2098
"2022-wimbledon-2120","wimbledon",2022,"0:35:50",56,"Jasmine Paolini","Petra Kvitova",100,1,2,2,"C","CTL",7,2,24.275,21.148,0,1.00582318687136,"paolini j.","kvitova p.",1500,1535.63132636046,2150
"2022-wimbledon-2120","wimbledon",2022,"0:36:35",57,"Jasmine Paolini","Petra Kvitova",96,1,2,2,"BW","CTL",1,2,2.608,2.554,0,0.965590259396506,"paolini j.","kvitova p.",1500,1535.63132636046,2195
"2022-wimbledon-2120","wimbledon",2022,"0:36:57",58,"Jasmine Paolini","Petra Kvitova",97,1,2,2,"B","NCTL",1,2,4.529,4.218,0,0.97564849126522,"paolini j.","kvitova p.",1500,1535.63132636046,2217
"2022-wimbledon-2120","wimbledon",2022,"0:37:17",59,"Jasmine Paolini","Petra Kvitova",98,2,2,2,"BC","NCTL",3,2,11.364,7.648,1,0.985706723133933,"paolini j.","kvitova p.",1500,1535.63132636046,2237
"2022-wimbledon-2120","wimbledon",2022,"0:38:10",60,"Jasmine Paolini","Petra Kvitova",92,1,1,1,"W","CTL",3,3,5.812,7.011,1,0.967223252937539,"paolini j.","kvitova p.",1500,1535.63132636046,2290
"2022-wimbledon-2120","wimbledon",2022,"0:38:32",61,"Jasmine Paolini","Petra Kvitova",92,1,1,2,"BW","NCTL",2,3,5.127,6.759,0,0.967223252937539,"paolini j.","kvitova p.",1500,1535.63132636046,2312
"2022-wimbledon-2120","wimbledon",2022,"0:38:55",62,"Jasmine Paolini","Petra Kvitova",95,1,1,1,"W","NCTL",1,3,10.345,12.545,1,0.998763141620284,"paolini j.","kvitova p.",1500,1535.63132636046,2335
"2022-wimbledon-2120","wimbledon",2022,"0:39:15",63,"Jasmine Paolini","Petra Kvitova",93,1,1,1,"C","CTL",1,3,3.859,5.162,1,0.977736549165121,"paolini j.","kvitova p.",1500,1535.63132636046,2355
"2022-wimbledon-2120","wimbledon",2022,"0:39:34",64,"Jasmine Paolini","Petra Kvitova",97,1,1,2,"C","NCTL",2,3,5.959,10.846,0,1.01978973407545,"paolini j.","kvitova p.",1500,1535.63132636046,2374
"2022-wimbledon-2120","wimbledon",2022,"0:40:09",65,"Jasmine Paolini","Petra Kvitova",102,1,1,2,"C","CTL",6,3,19.789,22.016,0,1.07235621521336,"paolini j.","kvitova p.",1500,1535.63132636046,2409
"2022-wimbledon-2120","wimbledon",2022,"0:40:43",66,"Jasmine Paolini","Petra Kvitova",90,1,1,2,"BC","NCTL",2,3,8.146,7.169,0,0.946196660482375,"paolini j.","kvitova p.",1500,1535.63132636046,2443
"2022-wimbledon-2120","wimbledon",2022,"0:41:07",67,"Jasmine Paolini","Petra Kvitova",96,1,1,1,"C","NCTL",1,3,4.514,5.161,1,1.00927643784787,"paolini j.","kvitova p.",1500,1535.63132636046,2467
"2022-wimbledon-2120","wimbledon",2022,"0:41:30",68,"Jasmine Paolini","Petra Kvitova",100,1,1,1,"B","CTL",3,3,7.86,7.571,1,1.05132962275819,"paolini j.","kvitova p.",1500,1535.63132636046,2490
"2022-wimbledon-2120","wimbledon",2022,"0:41:56",69,"Jasmine Paolini","Petra Kvitova",94,1,1,1,"BW","CTL",3,3,8.755,12.125,1,0.988249845392702,"paolini j.","kvitova p.",1500,1535.63132636046,2516
"2022-wimbledon-2120","wimbledon",2022,"0:43:40",70,"Jasmine Paolini","Petra Kvitova",99,1,2,2,"BW","NCTL",3,4,10.981,11.027,0,0.995764955002647,"paolini j.","kvitova p.",1500,1535.63132636046,2620
"2022-wimbledon-2120","wimbledon",2022,"0:44:46",72,"Jasmine Paolini","Petra Kvitova",90,2,2,1,"C","NCTL",8,4,26.311,20.032,0,0.905240868184224,"paolini j.","kvitova p.",1500,1535.63132636046,2686
"2022-wimbledon-2120","wimbledon",2022,"0:45:32",73,"Jasmine Paolini","Petra Kvitova",93,1,2,1,"C","NCTL",4,4,13.862,10.517,1,0.935415563790365,"paolini j.","kvitova p.",1500,1535.63132636046,2732
"2022-wimbledon-2120","wimbledon",2022,"0:46:05",74,"Jasmine Paolini","Petra Kvitova",95,2,2,2,"C","CTL",3,4,15.358,9.455,1,0.955532027527793,"paolini j.","kvitova p.",1500,1535.63132636046,2765
"2022-wimbledon-2120","wimbledon",2022,"0:46:49",75,"Jasmine Paolini","Petra Kvitova",105,1,2,2,"C","NCTL",1,4,3.954,3.501,0,1.05611434621493,"paolini j.","kvitova p.",1500,1535.63132636046,2809
"2022-wimbledon-2120","wimbledon",2022,"0:47:13",76,"Jasmine Paolini","Petra Kvitova",104,1,2,2,"W","NCTL",1,4,3.856,3.589,0,1.04605611434622,"paolini j.","kvitova p.",1500,1535.63132636046,2833
"2022-wimbledon-2120","wimbledon",2022,"0:47:37",77,"Jasmine Paolini","Petra Kvitova",102,1,2,2,"C","NCTL",1,4,4.742,3.23,0,1.02593965060879,"paolini j.","kvitova p.",1500,1535.63132636046,2857
"2022-wimbledon-2120","wimbledon",2022,"0:48:07",78,"Jasmine Paolini","Petra Kvitova",94,1,1,1,"BW","NCTL",7,5,16.355,14.584,1,0.988249845392702,"paolini j.","kvitova p.",1500,1535.63132636046,2887
"2022-wimbledon-2120","wimbledon",2022,"0:48:47",79,"Jasmine Paolini","Petra Kvitova",86,2,1,2,"BW","NCTL",4,5,16.987,13.08,1,0.904143475572047,"paolini j.","kvitova p.",1500,1535.63132636046,2927
"2022-wimbledon-2120","wimbledon",2022,"0:49:26",80,"Jasmine Paolini","Petra Kvitova",100,1,1,1,"C","CTL",1,5,4.493,4.24,1,1.05132962275819,"paolini j.","kvitova p.",1500,1535.63132636046,2966
"2022-wimbledon-2120","wimbledon",2022,"0:50:05",81,"Jasmine Paolini","Petra Kvitova",82,1,1,1,"BW","NCTL",1,5,4,3.464,1,0.862090290661719,"paolini j.","kvitova p.",1500,1535.63132636046,3005
"2022-wimbledon-2120","wimbledon",2022,"0:50:28",82,"Jasmine Paolini","Petra Kvitova",95,1,1,2,"B","NCTL",4,5,18.624,15.57,0,0.998763141620284,"paolini j.","kvitova p.",1500,1535.63132636046,3028
"2022-wimbledon-2120","wimbledon",2022,"0:50:57",83,"Jasmine Paolini","Petra Kvitova",85,1,1,2,"BC","NCTL",2,5,9.346,9.861,0,0.893630179344465,"paolini j.","kvitova p.",1500,1535.63132636046,3057
"2022-wimbledon-2120","wimbledon",2022,"0:51:25",84,"Jasmine Paolini","Petra Kvitova",105,1,1,1,"C","NCTL",1,5,5.907,5.581,1,1.1038961038961,"paolini j.","kvitova p.",1500,1535.63132636046,3085
"2022-wimbledon-2120","wimbledon",2022,"0:51:49",85,"Jasmine Paolini","Petra Kvitova",77,2,1,1,"B","NCTL",7,5,25.089,20.2,0,0.809523809523809,"paolini j.","kvitova p.",1500,1535.63132636046,3109
"2022-wimbledon-2120","wimbledon",2022,"0:54:23",87,"Jasmine Paolini","Petra Kvitova",104,1,2,1,"C","NCTL",4,6,13.564,13.646,1,1.04605611434622,"paolini j.","kvitova p.",1500,1535.63132636046,3263
"2022-wimbledon-2120","wimbledon",2022,"0:54:48",88,"Jasmine Paolini","Petra Kvitova",91,2,2,1,"BC","NCTL",2,6,6.287,6.141,0,0.915299100052938,"paolini j.","kvitova p.",1500,1535.63132636046,3288
"2022-wimbledon-2120","wimbledon",2022,"0:55:30",89,"Jasmine Paolini","Petra Kvitova",93,1,2,2,"BW","NCTL",3,6,6.957,13.136,0,0.935415563790365,"paolini j.","kvitova p.",1500,1535.63132636046,3330
"2022-wimbledon-2120","wimbledon",2022,"0:55:52",90,"Jasmine Paolini","Petra Kvitova",101,1,2,1,"BW","NCTL",10,6,28.021,27.326,1,1.01588141874007,"paolini j.","kvitova p.",1500,1535.63132636046,3352
"2022-wimbledon-2120","wimbledon",2022,"0:56:40",91,"Jasmine Paolini","Petra Kvitova",97,1,1,2,"BW","NCTL",2,7,2.802,2.698,0,1.01978973407545,"paolini j.","kvitova p.",1500,1535.63132636046,3400
"2022-wimbledon-2120","wimbledon",2022,"0:57:04",92,"Jasmine Paolini","Petra Kvitova",80,1,1,1,"BW","CTL",1,7,3.055,3.311,1,0.841063698206555,"paolini j.","kvitova p.",1500,1535.63132636046,3424
"2022-wimbledon-2120","wimbledon",2022,"0:57:24",93,"Jasmine Paolini","Petra Kvitova",102,1,1,1,"BC","NCTL",1,7,3.114,3.031,1,1.07235621521336,"paolini j.","kvitova p.",1500,1535.63132636046,3444
"2022-wimbledon-2120","wimbledon",2022,"0:57:45",94,"Jasmine Paolini","Petra Kvitova",92,1,1,2,"BW","CTL",6,7,22.005,21.521,0,0.967223252937539,"paolini j.","kvitova p.",1500,1535.63132636046,3465
"2022-wimbledon-2120","wimbledon",2022,"0:58:22",95,"Jasmine Paolini","Petra Kvitova",92,1,1,2,"BW","NCTL",2,7,2.439,2.561,0,0.967223252937539,"paolini j.","kvitova p.",1500,1535.63132636046,3502
"2022-wimbledon-2120","wimbledon",2022,"0:58:49",96,"Jasmine Paolini","Petra Kvitova",93,1,1,2,"BW","NCTL",6,7,19.429,20.74,0,0.977736549165121,"paolini j.","kvitova p.",1500,1535.63132636046,3529
"2022-wimbledon-2120","wimbledon",2022,"1:00:35",97,"Jasmine Paolini","Petra Kvitova",93,2,2,2,"BW","NCTL",1,8,4.62,5.043,1,0.935415563790365,"paolini j.","kvitova p.",1500,1535.63132636046,3635
"2022-wimbledon-2120","wimbledon",2022,"1:01:11",98,"Jasmine Paolini","Petra Kvitova",88,2,2,1,"BC","CTL",2,8,6.473,5.263,0,0.885124404446797,"paolini j.","kvitova p.",1500,1535.63132636046,3671
"2022-wimbledon-2120","wimbledon",2022,"1:01:53",99,"Jasmine Paolini","Petra Kvitova",93,2,2,2,"B","NCTL",1,8,3.995,2.978,1,0.935415563790365,"paolini j.","kvitova p.",1500,1535.63132636046,3713
"2022-wimbledon-2120","wimbledon",2022,"1:02:30",100,"Jasmine Paolini","Petra Kvitova",88,1,2,2,"W","CTL",3,8,8.638,5.926,0,0.885124404446797,"paolini j.","kvitova p.",1500,1535.63132636046,3750
"2022-wimbledon-2120","wimbledon",2022,"1:02:57",101,"Jasmine Paolini","Petra Kvitova",99,1,2,1,"C","CTL",4,8,11.249,10.935,1,0.995764955002647,"paolini j.","kvitova p.",1500,1535.63132636046,3777
"2022-wimbledon-2120","wimbledon",2022,"1:03:25",102,"Jasmine Paolini","Petra Kvitova",101,1,2,2,"C","NCTL",1,8,0.487,0.479,0,1.01588141874007,"paolini j.","kvitova p.",1500,1535.63132636046,3805
"2022-wimbledon-2120","wimbledon",2022,"1:04:19",103,"Jasmine Paolini","Petra Kvitova",85,2,1,1,"BW","NCTL",5,9,13.145,14.067,0,0.893630179344465,"paolini j.","kvitova p.",1500,1535.63132636046,3859
"2022-wimbledon-2120","wimbledon",2022,"1:04:53",104,"Jasmine Paolini","Petra Kvitova",86,2,1,1,"BW","NCTL",1,9,4.394,3.287,0,0.904143475572047,"paolini j.","kvitova p.",1500,1535.63132636046,3893
"2022-wimbledon-2120","wimbledon",2022,"1:05:20",105,"Jasmine Paolini","Petra Kvitova",98,1,1,2,"C","CTL",6,9,21.224,19.718,0,1.03030303030303,"paolini j.","kvitova p.",1500,1535.63132636046,3920
"2022-wimbledon-2120","wimbledon",2022,"1:05:53",106,"Jasmine Paolini","Petra Kvitova",77,2,1,1,"BC","NCTL",5,9,17.442,21.557,0,0.809523809523809,"paolini j.","kvitova p.",1500,1535.63132636046,3953
"2022-wimbledon-2120","wimbledon",2022,"1:06:35",107,"Jasmine Paolini","Petra Kvitova",74,2,1,1,"B","NCTL",1,9,6.247,4.193,0,0.777983920841064,"paolini j.","kvitova p.",1500,1535.63132636046,3995
"2022-wimbledon-2120","wimbledon",2022,"1:08:18",108,"Jasmine Paolini","Petra Kvitova",100,1,2,2,"B","NCTL",1,10,6.999,7.044,0,1.00582318687136,"paolini j.","kvitova p.",1500,1535.63132636046,4098
"2022-wimbledon-2120","wimbledon",2022,"1:08:54",109,"Jasmine Paolini","Petra Kvitova",105,1,2,1,"BC","CTL",8,10,21.144,23.254,1,1.05611434621493,"paolini j.","kvitova p.",1500,1535.63132636046,4134
"2022-wimbledon-2120","wimbledon",2022,"1:10:07",111,"Jasmine Paolini","Petra Kvitova",98,2,2,2,"W","CTL",3,10,8.322,6.347,1,0.985706723133933,"paolini j.","kvitova p.",1500,1535.63132636046,4207
"2022-wimbledon-2120","wimbledon",2022,"1:10:51",112,"Jasmine Paolini","Petra Kvitova",95,2,2,2,"B","NCTL",1,10,4.995,4.941,1,0.955532027527793,"paolini j.","kvitova p.",1500,1535.63132636046,4251
"2022-wimbledon-2120","wimbledon",2022,"1:11:30",113,"Jasmine Paolini","Petra Kvitova",95,2,2,2,"BW","NCTL",1,10,4.249,4.646,1,0.955532027527793,"paolini j.","kvitova p.",1500,1535.63132636046,4290
"2022-wimbledon-2120","wimbledon",2022,"1:13:42",114,"Jasmine Paolini","Petra Kvitova",89,1,1,1,"BW","CTL",5,1,19.333,14.743,1,0.935683364254793,"paolini j.","kvitova p.",1500,1535.63132636046,4422
"2022-wimbledon-2120","wimbledon",2022,"1:14:09",115,"Jasmine Paolini","Petra Kvitova",100,1,1,2,"C","CTL",2,1,4.6,6.234,0,1.05132962275819,"paolini j.","kvitova p.",1500,1535.63132636046,4449
"2022-wimbledon-2120","wimbledon",2022,"1:14:31",116,"Jasmine Paolini","Petra Kvitova",91,1,1,1,"BW","NCTL",5,1,20.132,27.357,1,0.956709956709957,"paolini j.","kvitova p.",1500,1535.63132636046,4471
"2022-wimbledon-2120","wimbledon",2022,"1:15:04",117,"Jasmine Paolini","Petra Kvitova",74,2,1,2,"B","NCTL",2,1,3.514,4.357,1,0.777983920841064,"paolini j.","kvitova p.",1500,1535.63132636046,4504
"2022-wimbledon-2120","wimbledon",2022,"1:15:36",118,"Jasmine Paolini","Petra Kvitova",96,1,1,2,"BC","NCTL",6,1,20.407,18.035,0,1.00927643784787,"paolini j.","kvitova p.",1500,1535.63132636046,4536
"2022-wimbledon-2120","wimbledon",2022,"1:16:12",119,"Jasmine Paolini","Petra Kvitova",72,2,1,2,"C","NCTL",4,1,14.714,11.654,1,0.7569573283859,"paolini j.","kvitova p.",1500,1535.63132636046,4572
"2022-wimbledon-2120","wimbledon",2022,"1:17:16",120,"Jasmine Paolini","Petra Kvitova",94,2,2,2,"BW","NCTL",1,2,2.713,2.786,1,0.945473795659079,"paolini j.","kvitova p.",1500,1535.63132636046,4636
"2022-wimbledon-2120","wimbledon",2022,"1:17:50",121,"Jasmine Paolini","Petra Kvitova",104,1,2,1,"BC","CTL",4,2,11.589,13.168,1,1.04605611434622,"paolini j.","kvitova p.",1500,1535.63132636046,4670
"2022-wimbledon-2120","wimbledon",2022,"1:18:19",122,"Jasmine Paolini","Petra Kvitova",91,2,2,2,"C","NCTL",5,2,16.762,11.681,1,0.915299100052938,"paolini j.","kvitova p.",1500,1535.63132636046,4699
"2022-wimbledon-2120","wimbledon",2022,"1:19:18",123,"Jasmine Paolini","Petra Kvitova",92,2,2,2,"B","NCTL",1,2,2.884,2.739,1,0.925357331921652,"paolini j.","kvitova p.",1500,1535.63132636046,4758
"2022-wimbledon-2120","wimbledon",2022,"1:19:58",124,"Jasmine Paolini","Petra Kvitova",98,2,2,2,"BW","NCTL",1,2,3.19,4.414,1,0.985706723133933,"paolini j.","kvitova p.",1500,1535.63132636046,4798
"2022-wimbledon-2120","wimbledon",2022,"1:20:40",125,"Jasmine Paolini","Petra Kvitova",103,1,1,1,"BC","NCTL",1,3,3.116,7.326,1,1.08286951144094,"paolini j.","kvitova p.",1500,1535.63132636046,4840
"2022-wimbledon-2120","wimbledon",2022,"1:21:24",127,"Jasmine Paolini","Petra Kvitova",105,1,1,1,"C","NCTL",1,3,4.141,5.11,1,1.1038961038961,"paolini j.","kvitova p.",1500,1535.63132636046,4884
"2022-wimbledon-2120","wimbledon",2022,"1:21:41",128,"Jasmine Paolini","Petra Kvitova",97,1,1,2,"C","NCTL",4,3,12.356,12.36,0,1.01978973407545,"paolini j.","kvitova p.",1500,1535.63132636046,4901
"2022-wimbledon-2120","wimbledon",2022,"1:22:05",129,"Jasmine Paolini","Petra Kvitova",85,2,1,1,"BW","NCTL",1,3,5.643,6.793,0,0.893630179344465,"paolini j.","kvitova p.",1500,1535.63132636046,4925
"2022-wimbledon-2120","wimbledon",2022,"1:22:33",130,"Jasmine Paolini","Petra Kvitova",101,1,1,1,"W","NCTL",5,3,19.821,16.162,1,1.06184291898578,"paolini j.","kvitova p.",1500,1535.63132636046,4953
"2022-wimbledon-2120","wimbledon",2022,"1:24:15",131,"Jasmine Paolini","Petra Kvitova",98,1,2,1,"C","CTL",2,4,13.595,14.607,1,0.985706723133933,"paolini j.","kvitova p.",1500,1535.63132636046,5055
"2022-wimbledon-2120","wimbledon",2022,"1:24:39",132,"Jasmine Paolini","Petra Kvitova",97,1,2,1,"BC","NCTL",2,4,4.443,4.968,1,0.97564849126522,"paolini j.","kvitova p.",1500,1535.63132636046,5079
"2022-wimbledon-2120","wimbledon",2022,"1:25:03",133,"Jasmine Paolini","Petra Kvitova",93,2,2,1,"B","NCTL",2,4,7.511,6.546,0,0.935415563790365,"paolini j.","kvitova p.",1500,1535.63132636046,5103
"2022-wimbledon-2120","wimbledon",2022,"1:25:57",134,"Jasmine Paolini","Petra Kvitova",94,2,2,2,"BW","NCTL",1,4,2.946,2.977,1,0.945473795659079,"paolini j.","kvitova p.",1500,1535.63132636046,5157
"2022-wimbledon-2120","wimbledon",2022,"1:26:49",135,"Jasmine Paolini","Petra Kvitova",90,2,2,2,"C","NCTL",3,4,11.043,10.396,1,0.905240868184224,"paolini j.","kvitova p.",1500,1535.63132636046,5209
"2022-wimbledon-2120","wimbledon",2022,"1:27:32",136,"Jasmine Paolini","Petra Kvitova",94,1,2,2,"BW","NCTL",1,4,2.264,2.483,0,0.945473795659079,"paolini j.","kvitova p.",1500,1535.63132636046,5252
"2022-wimbledon-2120","wimbledon",2022,"1:27:55",137,"Jasmine Paolini","Petra Kvitova",102,1,2,2,"BW","NCTL",3,4,9.99,6.683,0,1.02593965060879,"paolini j.","kvitova p.",1500,1535.63132636046,5275
"2022-wimbledon-2120","wimbledon",2022,"1:28:20",138,"Jasmine Paolini","Petra Kvitova",89,1,2,2,"W","NCTL",7,4,24.827,21.357,0,0.895182636315511,"paolini j.","kvitova p.",1500,1535.63132636046,5300
"2022-wimbledon-2120","wimbledon",2022,"1:29:03",139,"Jasmine Paolini","Petra Kvitova",70,2,1,2,"W","CTL",2,5,7.374,11.213,1,0.735930735930736,"paolini j.","kvitova p.",1500,1535.63132636046,5343
"2022-wimbledon-2120","wimbledon",2022,"1:29:33",140,"Jasmine Paolini","Petra Kvitova",95,1,1,1,"C","NCTL",1,5,2.629,3.782,1,0.998763141620284,"paolini j.","kvitova p.",1500,1535.63132636046,5373
"2022-wimbledon-2120","wimbledon",2022,"1:29:50",141,"Jasmine Paolini","Petra Kvitova",67,2,1,2,"C","NCTL",4,5,9.362,13.69,1,0.70439084724799,"paolini j.","kvitova p.",1500,1535.63132636046,5390
"2022-wimbledon-2120","wimbledon",2022,"1:30:24",142,"Jasmine Paolini","Petra Kvitova",83,2,1,2,"BC","NCTL",2,5,5.084,9.935,1,0.872603586889301,"paolini j.","kvitova p.",1500,1535.63132636046,5424
"2022-wimbledon-2120","wimbledon",2022,"1:30:56",143,"Jasmine Paolini","Petra Kvitova",67,2,1,2,"BW","NCTL",2,5,4.994,4.647,1,0.70439084724799,"paolini j.","kvitova p.",1500,1535.63132636046,5456
"2022-wimbledon-2120","wimbledon",2022,"1:33:13",145,"Jasmine Paolini","Petra Kvitova",94,2,2,2,"BW","NCTL",9,6,30.951,36.704,1,0.945473795659079,"paolini j.","kvitova p.",1500,1535.63132636046,5593
"2022-wimbledon-2120","wimbledon",2022,"1:34:49",147,"Jasmine Paolini","Petra Kvitova",94,1,2,2,"W","NCTL",1,6,4.839,4.98,0,0.945473795659079,"paolini j.","kvitova p.",1500,1535.63132636046,5689
"2022-wimbledon-2120","wimbledon",2022,"1:35:12",148,"Jasmine Paolini","Petra Kvitova",95,1,2,2,"BC","NCTL",9,6,29.702,25.412,0,0.955532027527793,"paolini j.","kvitova p.",1500,1535.63132636046,5712
"2022-wimbledon-2120","wimbledon",2022,"1:35:49",149,"Jasmine Paolini","Petra Kvitova",85,2,2,2,"B","NCTL",1,6,5.994,5.909,1,0.854949708840656,"paolini j.","kvitova p.",1500,1535.63132636046,5749
"2022-wimbledon-2120","wimbledon",2022,"1:36:32",150,"Jasmine Paolini","Petra Kvitova",91,1,1,1,"C","NCTL",1,7,1.218,0.659,1,0.956709956709957,"paolini j.","kvitova p.",1500,1535.63132636046,5792
"2022-wimbledon-2120","wimbledon",2022,"1:36:58",151,"Jasmine Paolini","Petra Kvitova",98,1,1,1,"BW","NCTL",1,7,3.226,3.111,1,1.03030303030303,"paolini j.","kvitova p.",1500,1535.63132636046,5818
"2022-wimbledon-2120","wimbledon",2022,"1:37:14",152,"Jasmine Paolini","Petra Kvitova",102,1,1,1,"BC","NCTL",7,7,19.789,20.325,1,1.07235621521336,"paolini j.","kvitova p.",1500,1535.63132636046,5834
"2022-wimbledon-2120","wimbledon",2022,"1:37:41",153,"Jasmine Paolini","Petra Kvitova",104,1,1,1,"BW","NCTL",3,7,8.228,7.574,1,1.09338280766852,"paolini j.","kvitova p.",1500,1535.63132636046,5861
"2022-wimbledon-2120","wimbledon",2022,"1:39:19",154,"Jasmine Paolini","Petra Kvitova",119,1,2,2,"W","NCTL",1,8,5.048,4.471,0,1.19692959237692,"paolini j.","kvitova p.",1500,1535.63132636046,5959
"2022-wimbledon-2120","wimbledon",2022,"1:39:41",155,"Jasmine Paolini","Petra Kvitova",93,2,2,1,"W","CTL",4,8,15.915,15.686,0,0.935415563790365,"paolini j.","kvitova p.",1500,1535.63132636046,5981
"2022-wimbledon-2120","wimbledon",2022,"1:40:27",156,"Jasmine Paolini","Petra Kvitova",95,2,2,1,"BC","NCTL",2,8,9.951,9.079,0,0.955532027527793,"paolini j.","kvitova p.",1500,1535.63132636046,6027
"2022-wimbledon-2120","wimbledon",2022,"1:41:06",157,"Jasmine Paolini","Petra Kvitova",100,1,2,2,"BC","NCTL",1,8,4.284,4.939,0,1.00582318687136,"paolini j.","kvitova p.",1500,1535.63132636046,6066
"2022-wimbledon-2120","wimbledon",2022,"1:41:36",158,"Jasmine Paolini","Petra Kvitova",83,2,2,2,"BC","NCTL",1,8,3.291,3.525,1,0.834833245103229,"paolini j.","kvitova p.",1500,1535.63132636046,6096
"2022-wimbledon-2120","wimbledon",2022,"1:42:12",159,"Jasmine Paolini","Petra Kvitova",99,1,2,2,"C","NCTL",1,8,0.997,1.03,0,0.995764955002647,"paolini j.","kvitova p.",1500,1535.63132636046,6132
"2022-wimbledon-2124","wimbledon",2022,"0:00:00",1,"Karolina Muchova","Simona Halep",98,1,1,1,"W","CTL",1,1,8.216,6.964,1,0.938035264483627,"muchova k.","halep s.",1500,1585.50633568473,0
"2022-wimbledon-2124","wimbledon",2022,"0:00:23",2,"Karolina Muchova","Simona Halep",97,1,1,1,"W","NCTL",3,1,9.788,10.687,1,0.928463476070529,"muchova k.","halep s.",1500,1585.50633568473,23
"2022-wimbledon-2124","wimbledon",2022,"0:00:49",3,"Karolina Muchova","Simona Halep",102,1,1,2,"BW","NCTL",4,1,8.856,10.385,0,0.97632241813602,"muchova k.","halep s.",1500,1585.50633568473,49
"2022-wimbledon-2124","wimbledon",2022,"0:01:17",4,"Karolina Muchova","Simona Halep",108,1,1,1,"C","NCTL",3,1,6.756,8.619,1,1.03375314861461,"muchova k.","halep s.",1500,1585.50633568473,77
"2022-wimbledon-2124","wimbledon",2022,"0:01:44",5,"Karolina Muchova","Simona Halep",108,1,1,2,"C","NCTL",6,1,22.409,22.251,0,1.03375314861461,"muchova k.","halep s.",1500,1585.50633568473,104
"2022-wimbledon-2124","wimbledon",2022,"0:02:19",6,"Karolina Muchova","Simona Halep",108,1,1,1,"C","NCTL",1,1,6.11,8.589,1,1.03375314861461,"muchova k.","halep s.",1500,1585.50633568473,139
"2022-wimbledon-2124","wimbledon",2022,"0:03:06",7,"Karolina Muchova","Simona Halep",93,1,2,1,"BC","CTL",4,2,10.16,9.738,1,0.940704569236135,"muchova k.","halep s.",1500,1585.50633568473,186
"2022-wimbledon-2124","wimbledon",2022,"0:03:26",8,"Karolina Muchova","Simona Halep",99,1,2,1,"C","NCTL",10,2,37.567,29.35,1,1.00139518660621,"muchova k.","halep s.",1500,1585.50633568473,206
"2022-wimbledon-2124","wimbledon",2022,"0:04:01",9,"Karolina Muchova","Simona Halep",96,1,2,2,"W","CTL",1,2,4.408,3.254,0,0.971049877921172,"muchova k.","halep s.",1500,1585.50633568473,241
"2022-wimbledon-2124","wimbledon",2022,"0:04:22",10,"Karolina Muchova","Simona Halep",106,1,2,2,"W","NCTL",3,2,8.243,10.006,0,1.07220090687129,"muchova k.","halep s.",1500,1585.50633568473,262
"2022-wimbledon-2124","wimbledon",2022,"0:04:47",11,"Karolina Muchova","Simona Halep",75,2,2,2,"","",1,2,0,0,1,0.758632717125916,"muchova k.","halep s.",1500,1585.50633568473,287
"2022-wimbledon-2124","wimbledon",2022,"0:05:16",12,"Karolina Muchova","Simona Halep",77,2,2,2,"","",1,2,0,0,1,0.77886292291594,"muchova k.","halep s.",1500,1585.50633568473,316
"2022-wimbledon-2124","wimbledon",2022,"0:06:09",13,"Karolina Muchova","Simona Halep",102,1,1,2,"","",2,3,0,0,0,0.97632241813602,"muchova k.","halep s.",1500,1585.50633568473,369
"2022-wimbledon-2124","wimbledon",2022,"0:06:35",14,"Karolina Muchova","Simona Halep",104,1,1,2,"","",2,3,0,0,0,0.995465994962217,"muchova k.","halep s.",1500,1585.50633568473,395
"2022-wimbledon-2124","wimbledon",2022,"0:07:01",15,"Karolina Muchova","Simona Halep",101,1,1,2,"","",2,3,0,0,0,0.966750629722922,"muchova k.","halep s.",1500,1585.50633568473,421
"2022-wimbledon-2124","wimbledon",2022,"0:07:27",16,"Karolina Muchova","Simona Halep",111,1,1,1,"","",7,3,0,0,1,1.0624685138539,"muchova k.","halep s.",1500,1585.50633568473,447
"2022-wimbledon-2124","wimbledon",2022,"0:08:02",17,"Karolina Muchova","Simona Halep",106,1,1,2,"","",12,3,0,0,0,1.01460957178841,"muchova k.","halep s.",1500,1585.50633568473,482
"2022-wimbledon-2124","wimbledon",2022,"0:10:10",18,"Karolina Muchova","Simona Halep",93,1,2,2,"","",1,4,0,0,0,0.940704569236135,"muchova k.","halep s.",1500,1585.50633568473,610
"2022-wimbledon-2124","wimbledon",2022,"0:10:32",19,"Karolina Muchova","Simona Halep",86,2,2,2,"","",9,4,0,0,1,0.86989884897105,"muchova k.","halep s.",1500,1585.50633568473,632
"2022-wimbledon-2124","wimbledon",2022,"0:11:14",20,"Karolina Muchova","Simona Halep",81,2,2,1,"","",6,4,0,0,0,0.819323334495989,"muchova k.","halep s.",1500,1585.50633568473,674
"2022-wimbledon-2124","wimbledon",2022,"0:12:21",21,"Karolina Muchova","Simona Halep",106,1,2,2,"","",1,4,0,0,0,1.07220090687129,"muchova k.","halep s.",1500,1585.50633568473,741
"2022-wimbledon-2124","wimbledon",2022,"0:12:43",22,"Karolina Muchova","Simona Halep",107,1,2,2,"","",1,4,0,0,0,1.08231600976631,"muchova k.","halep s.",1500,1585.50633568473,763
"2022-wimbledon-2124","wimbledon",2022,"0:13:20",23,"Karolina Muchova","Simona Halep",111,1,1,1,"","",3,5,0,0,1,1.0624685138539,"muchova k.","halep s.",1500,1585.50633568473,800
"2022-wimbledon-2124","wimbledon",2022,"0:13:48",24,"Karolina Muchova","Simona Halep",95,2,1,2,"","",8,5,0,0,1,0.909319899244333,"muchova k.","halep s.",1500,1585.50633568473,828
"2022-wimbledon-2124","wimbledon",2022,"0:14:38",25,"Karolina Muchova","Simona Halep",87,2,1,1,"","",1,5,0,0,0,0.832745591939547,"muchova k.","halep s.",1500,1585.50633568473,878
"2022-wimbledon-2124","wimbledon",2022,"0:15:57",27,"Karolina Muchova","Simona Halep",101,1,1,1,"","",1,5,0,0,1,0.966750629722922,"muchova k.","halep s.",1500,1585.50633568473,957
"2022-wimbledon-2124","wimbledon",2022,"0:16:22",28,"Karolina Muchova","Simona Halep",106,1,1,1,"","",1,5,0,0,1,1.01460957178841,"muchova k.","halep s.",1500,1585.50633568473,982
"2022-wimbledon-2124","wimbledon",2022,"0:18:01",29,"Karolina Muchova","Simona Halep",92,1,2,2,"","",1,6,0,0,0,0.930589466341123,"muchova k.","halep s.",1500,1585.50633568473,1081
"2022-wimbledon-2124","wimbledon",2022,"0:18:19",30,"Karolina Muchova","Simona Halep",98,1,2,2,"","",5,6,0,0,0,0.991280083711196,"muchova k.","halep s.",1500,1585.50633568473,1099
"2022-wimbledon-2124","wimbledon",2022,"0:18:47",31,"Karolina Muchova","Simona Halep",102,1,2,1,"","",12,6,0,0,1,1.03174049529125,"muchova k.","halep s.",1500,1585.50633568473,1127
"2022-wimbledon-2124","wimbledon",2022,"0:19:27",32,"Karolina Muchova","Simona Halep",103,1,2,2,"","",3,6,0,0,0,1.04185559818626,"muchova k.","halep s.",1500,1585.50633568473,1167
"2022-wimbledon-2124","wimbledon",2022,"0:19:51",33,"Karolina Muchova","Simona Halep",79,2,2,2,"","",7,6,0,0,1,0.799093128705964,"muchova k.","halep s.",1500,1585.50633568473,1191
"2022-wimbledon-2124","wimbledon",2022,"0:20:52",34,"Karolina Muchova","Simona Halep",102,1,1,1,"","",7,7,0,0,1,0.97632241813602,"muchova k.","halep s.",1500,1585.50633568473,1252
"2022-wimbledon-2124","wimbledon",2022,"0:21:27",35,"Karolina Muchova","Simona Halep",93,2,1,2,"","",2,7,0,0,1,0.890176322418136,"muchova k.","halep s.",1500,1585.50633568473,1287
"2022-wimbledon-2124","wimbledon",2022,"0:22:17",36,"Karolina Muchova","Simona Halep",105,1,1,1,"","",13,7,0,0,1,1.00503778337531,"muchova k.","halep s.",1500,1585.50633568473,1337
"2022-wimbledon-2124","wimbledon",2022,"0:23:10",37,"Karolina Muchova","Simona Halep",109,1,1,1,"","",9,7,0,0,1,1.04332493702771,"muchova k.","halep s.",1500,1585.50633568473,1390
"2022-wimbledon-2124","wimbledon",2022,"0:23:51",38,"Karolina Muchova","Simona Halep",109,1,1,1,"","",1,7,0,0,1,1.04332493702771,"muchova k.","halep s.",1500,1585.50633568473,1431
"2022-wimbledon-2124","wimbledon",2022,"0:25:24",39,"Karolina Muchova","Simona Halep",97,1,2,2,"","",1,8,0,0,0,0.981164980816184,"muchova k.","halep s.",1500,1585.50633568473,1524
"2022-wimbledon-2124","wimbledon",2022,"0:25:42",40,"Karolina Muchova","Simona Halep",78,2,2,2,"","",5,8,0,0,1,0.788978025810952,"muchova k.","halep s.",1500,1585.50633568473,1542
"2022-wimbledon-2124","wimbledon",2022,"0:26:15",41,"Karolina Muchova","Simona Halep",108,1,2,2,"","",1,8,0,0,0,1.09243111266132,"muchova k.","halep s.",1500,1585.50633568473,1575
"2022-wimbledon-2124","wimbledon",2022,"0:26:35",42,"Karolina Muchova","Simona Halep",100,1,2,2,"","",3,8,0,0,0,1.01151028950122,"muchova k.","halep s.",1500,1585.50633568473,1595
"2022-wimbledon-2124","wimbledon",2022,"0:27:15",43,"Karolina Muchova","Simona Halep",103,1,1,1,"","",3,9,0,0,1,0.985894206549118,"muchova k.","halep s.",1500,1585.50633568473,1635
"2022-wimbledon-2124","wimbledon",2022,"0:27:41",44,"Karolina Muchova","Simona Halep",104,1,1,2,"","",2,9,0,0,0,0.995465994962217,"muchova k.","halep s.",1500,1585.50633568473,1661
"2022-wimbledon-2124","wimbledon",2022,"0:28:06",45,"Karolina Muchova","Simona Halep",109,1,1,2,"","",6,9,0,0,0,1.04332493702771,"muchova k.","halep s.",1500,1585.50633568473,1686
"2022-wimbledon-2124","wimbledon",2022,"0:29:21",47,"Karolina Muchova","Simona Halep",91,2,1,1,"","",1,9,0,0,0,0.87103274559194,"muchova k.","halep s.",1500,1585.50633568473,1761
"2022-wimbledon-2124","wimbledon",2022,"0:30:05",48,"Karolina Muchova","Simona Halep",86,2,1,2,"","",10,9,0,0,1,0.823173803526448,"muchova k.","halep s.",1500,1585.50633568473,1805
"2022-wimbledon-2124","wimbledon",2022,"0:32:46",49,"Karolina Muchova","Simona Halep",74,2,2,2,"","",7,1,0,0,1,0.748517614230903,"muchova k.","halep s.",1500,1585.50633568473,1966
"2022-wimbledon-2124","wimbledon",2022,"0:33:26",50,"Karolina Muchova","Simona Halep",97,1,2,2,"","",5,1,0,0,0,0.981164980816184,"muchova k.","halep s.",1500,1585.50633568473,2006
"2022-wimbledon-2124","wimbledon",2022,"0:33:59",51,"Karolina Muchova","Simona Halep",106,1,2,2,"","",1,1,0,0,0,1.07220090687129,"muchova k.","halep s.",1500,1585.50633568473,2039
"2022-wimbledon-2124","wimbledon",2022,"0:34:18",52,"Karolina Muchova","Simona Halep",103,1,2,2,"","",1,1,0,0,0,1.04185559818626,"muchova k.","halep s.",1500,1585.50633568473,2058
"2022-wimbledon-2124","wimbledon",2022,"0:35:07",53,"Karolina Muchova","Simona Halep",101,1,1,1,"","",1,2,0,0,1,0.966750629722922,"muchova k.","halep s.",1500,1585.50633568473,2107
"2022-wimbledon-2124","wimbledon",2022,"0:35:30",54,"Karolina Muchova","Simona Halep",99,1,1,1,"","",1,2,0,0,1,0.947607052896725,"muchova k.","halep s.",1500,1585.50633568473,2130
"2022-wimbledon-2124","wimbledon",2022,"0:35:58",55,"Karolina Muchova","Simona Halep",111,1,1,2,"","",6,2,0,0,0,1.0624685138539,"muchova k.","halep s.",1500,1585.50633568473,2158
"2022-wimbledon-2124","wimbledon",2022,"0:36:35",56,"Karolina Muchova","Simona Halep",105,1,1,1,"","",1,2,0,0,1,1.00503778337531,"muchova k.","halep s.",1500,1585.50633568473,2195
"2022-wimbledon-2124","wimbledon",2022,"0:37:03",57,"Karolina Muchova","Simona Halep",103,1,1,2,"","",4,2,0,0,0,0.985894206549118,"muchova k.","halep s.",1500,1585.50633568473,2223
"2022-wimbledon-2124","wimbledon",2022,"0:37:32",58,"Karolina Muchova","Simona Halep",99,1,1,1,"","",1,2,0,0,1,0.947607052896725,"muchova k.","halep s.",1500,1585.50633568473,2252
"2022-wimbledon-2124","wimbledon",2022,"0:38:06",59,"Karolina Muchova","Simona Halep",76,2,2,2,"","",5,3,0,0,1,0.768747820020928,"muchova k.","halep s.",1500,1585.50633568473,2286
"2022-wimbledon-2124","wimbledon",2022,"0:38:45",60,"Karolina Muchova","Simona Halep",77,2,2,1,"","",8,3,0,0,0,0.77886292291594,"muchova k.","halep s.",1500,1585.50633568473,2325
"2022-wimbledon-2124","wimbledon",2022,"0:39:29",61,"Karolina Muchova","Simona Halep",100,1,2,2,"","",7,3,0,0,0,1.01151028950122,"muchova k.","halep s.",1500,1585.50633568473,2369
"2022-wimbledon-2124","wimbledon",2022,"0:40:01",62,"Karolina Muchova","Simona Halep",97,1,2,2,"","",9,3,0,0,0,0.981164980816184,"muchova k.","halep s.",1500,1585.50633568473,2401
"2022-wimbledon-2124","wimbledon",2022,"0:40:40",63,"Karolina Muchova","Simona Halep",103,1,2,1,"","",6,3,0,0,1,1.04185559818626,"muchova k.","halep s.",1500,1585.50633568473,2440
"2022-wimbledon-2124","wimbledon",2022,"0:41:09",64,"Karolina Muchova","Simona Halep",97,1,2,2,"","",1,3,0,0,0,0.981164980816184,"muchova k.","halep s.",1500,1585.50633568473,2469
"2022-wimbledon-2124","wimbledon",2022,"0:43:31",66,"Karolina Muchova","Simona Halep",89,2,1,2,"","",10,4,0,0,1,0.851889168765743,"muchova k.","halep s.",1500,1585.50633568473,2611
"2022-wimbledon-2124","wimbledon",2022,"0:44:29",67,"Karolina Muchova","Simona Halep",109,1,1,1,"","",1,4,0,0,1,1.04332493702771,"muchova k.","halep s.",1500,1585.50633568473,2669
"2022-wimbledon-2124","wimbledon",2022,"0:44:55",68,"Karolina Muchova","Simona Halep",91,2,1,2,"","",4,4,0,0,1,0.87103274559194,"muchova k.","halep s.",1500,1585.50633568473,2695
"2022-wimbledon-2124","wimbledon",2022,"0:45:43",69,"Karolina Muchova","Simona Halep",90,2,1,1,"","",1,4,0,0,0,0.861460957178841,"muchova k.","halep s.",1500,1585.50633568473,2743
"2022-wimbledon-2124","wimbledon",2022,"0:47:06",70,"Karolina Muchova","Simona Halep",86,2,1,1,"","",9,4,0,0,0,0.823173803526448,"muchova k.","halep s.",1500,1585.50633568473,2826
"2022-wimbledon-2124","wimbledon",2022,"0:47:57",71,"Karolina Muchova","Simona Halep",110,1,1,2,"","",2,4,0,0,0,1.05289672544081,"muchova k.","halep s.",1500,1585.50633568473,2877
"2022-wimbledon-2124","wimbledon",2022,"0:48:27",72,"Karolina Muchova","Simona Halep",84,2,1,2,"","",18,4,0,0,1,0.804030226700252,"muchova k.","halep s.",1500,1585.50633568473,2907
"2022-wimbledon-2124","wimbledon",2022,"0:49:43",73,"Karolina Muchova","Simona Halep",92,1,2,2,"","",5,5,0,0,0,0.930589466341123,"muchova k.","halep s.",1500,1585.50633568473,2983
"2022-wimbledon-2124","wimbledon",2022,"0:50:14",74,"Karolina Muchova","Simona Halep",99,1,2,1,"","",4,5,0,0,1,1.00139518660621,"muchova k.","halep s.",1500,1585.50633568473,3014
"2022-wimbledon-2124","wimbledon",2022,"0:50:43",75,"Karolina Muchova","Simona Halep",83,1,2,2,"","",3,5,0,0,0,0.839553540286013,"muchova k.","halep s.",1500,1585.50633568473,3043
"2022-wimbledon-2124","wimbledon",2022,"0:51:07",76,"Karolina Muchova","Simona Halep",103,1,2,2,"","",1,5,0,0,0,1.04185559818626,"muchova k.","halep s.",1500,1585.50633568473,3067
"2022-wimbledon-2124","wimbledon",2022,"0:51:25",77,"Karolina Muchova","Simona Halep",81,2,2,1,"","",2,5,0,0,0,0.819323334495989,"muchova k.","halep s.",1500,1585.50633568473,3085
"2022-wimbledon-2124","wimbledon",2022,"0:51:58",78,"Karolina Muchova","Simona Halep",106,1,2,2,"","",1,5,0,0,0,1.07220090687129,"muchova k.","halep s.",1500,1585.50633568473,3118
"2022-wimbledon-2124","wimbledon",2022,"0:53:44",79,"Karolina Muchova","Simona Halep",103,1,1,1,"","",1,6,0,0,1,0.985894206549118,"muchova k.","halep s.",1500,1585.50633568473,3224
"2022-wimbledon-2124","wimbledon",2022,"0:54:04",80,"Karolina Muchova","Simona Halep",105,1,1,1,"","",3,6,0,0,1,1.00503778337531,"muchova k.","halep s.",1500,1585.50633568473,3244
"2022-wimbledon-2124","wimbledon",2022,"0:54:32",81,"Karolina Muchova","Simona Halep",113,1,1,2,"","",2,6,0,0,0,1.0816120906801,"muchova k.","halep s.",1500,1585.50633568473,3272
"2022-wimbledon-2124","wimbledon",2022,"0:55:03",82,"Karolina Muchova","Simona Halep",99,1,1,2,"","",6,6,0,0,0,0.947607052896725,"muchova k.","halep s.",1500,1585.50633568473,3303
"2022-wimbledon-2124","wimbledon",2022,"0:55:41",83,"Karolina Muchova","Simona Halep",100,1,1,2,"","",4,6,0,0,0,0.957178841309824,"muchova k.","halep s.",1500,1585.50633568473,3341
"2022-wimbledon-2124","wimbledon",2022,"0:56:13",84,"Karolina Muchova","Simona Halep",77,2,1,1,"","",9,6,0,0,0,0.737027707808564,"muchova k.","halep s.",1500,1585.50633568473,3373
"2022-wimbledon-2124","wimbledon",2022,"0:57:14",85,"Karolina Muchova","Simona Halep",110,1,1,1,"","",1,6,0,0,1,1.05289672544081,"muchova k.","halep s.",1500,1585.50633568473,3434
"2022-wimbledon-2124","wimbledon",2022,"0:57:48",86,"Karolina Muchova","Simona Halep",101,1,1,1,"","",3,6,0,0,1,0.966750629722922,"muchova k.","halep s.",1500,1585.50633568473,3468
"2022-wimbledon-2124","wimbledon",2022,"0:58:26",87,"Karolina Muchova","Simona Halep",92,1,2,2,"","",7,7,0,0,0,0.930589466341123,"muchova k.","halep s.",1500,1585.50633568473,3506
"2022-wimbledon-2124","wimbledon",2022,"0:58:56",88,"Karolina Muchova","Simona Halep",77,2,2,2,"","",1,7,0,0,1,0.77886292291594,"muchova k.","halep s.",1500,1585.50633568473,3536
"2022-wimbledon-2124","wimbledon",2022,"0:59:25",89,"Karolina Muchova","Simona Halep",102,1,2,1,"","",6,7,0,0,1,1.03174049529125,"muchova k.","halep s.",1500,1585.50633568473,3565
"2022-wimbledon-2124","wimbledon",2022,"1:00:00",90,"Karolina Muchova","Simona Halep",77,2,2,2,"","",9,7,0,0,1,0.77886292291594,"muchova k.","halep s.",1500,1585.50633568473,3600
"2022-wimbledon-2124","wimbledon",2022,"1:00:46",91,"Karolina Muchova","Simona Halep",87,1,2,2,"","",5,7,0,0,0,0.880013951866062,"muchova k.","halep s.",1500,1585.50633568473,3646
"2022-wimbledon-2124","wimbledon",2022,"1:02:43",92,"Karolina Muchova","Simona Halep",98,1,1,2,"","",6,8,0,0,0,0.938035264483627,"muchova k.","halep s.",1500,1585.50633568473,3763
"2022-wimbledon-2124","wimbledon",2022,"1:03:17",93,"Karolina Muchova","Simona Halep",87,2,1,2,"","",4,8,0,0,1,0.832745591939547,"muchova k.","halep s.",1500,1585.50633568473,3797
"2022-wimbledon-2124","wimbledon",2022,"1:04:04",94,"Karolina Muchova","Simona Halep",100,1,1,2,"","",2,8,0,0,0,0.957178841309824,"muchova k.","halep s.",1500,1585.50633568473,3844
"2022-wimbledon-2124","wimbledon",2022,"1:04:25",95,"Karolina Muchova","Simona Halep",90,2,1,2,"","",2,8,0,0,1,0.861460957178841,"muchova k.","halep s.",1500,1585.50633568473,3865
"2022-wimbledon-2131","wimbledon",2022,"0:00:00",1,"Clara Burel","Katie Boulter",91,1,1,2,"B","NCTL",2,1,17.092,17.431,0,0.912104857363146,"burel c.","boulter k.",1500,1535.2617431142,0
"2022-wimbledon-2131","wimbledon",2022,"0:00:15",2,"Clara Burel","Katie Boulter",102,1,1,1,"W","CTL",3,1,46.583,44.275,1,1.02235929067078,"burel c.","boulter k.",1500,1535.2617431142,15
"2022-wimbledon-2131","wimbledon",2022,"0:00:33",3,"Clara Burel","Katie Boulter",101,1,1,1,"BW","NCTL",3,1,20.466,25.212,1,1.01233616037008,"burel c.","boulter k.",1500,1535.2617431142,33
"2022-wimbledon-2131","wimbledon",2022,"0:00:52",4,"Clara Burel","Katie Boulter",78,2,1,2,"BW","NCTL",4,1,41.892,39.447,1,0.781804163454125,"burel c.","boulter k.",1500,1535.2617431142,52
"2022-wimbledon-2131","wimbledon",2022,"0:01:23",5,"Clara Burel","Katie Boulter",100,1,1,1,"W","CTL",1,1,17.317,21.28,1,1.00231303006939,"burel c.","boulter k.",1500,1535.2617431142,83
"2022-wimbledon-2131","wimbledon",2022,"0:01:39",6,"Clara Burel","Katie Boulter",74,2,1,2,"BW","NCTL",8,1,32.554,39.818,1,0.741711642251349,"burel c.","boulter k.",1500,1535.2617431142,99
"2022-wimbledon-2131","wimbledon",2022,"0:02:19",7,"Clara Burel","Katie Boulter",103,1,1,1,"C","CTL",1,1,16.262,18.528,1,1.03238242097147,"burel c.","boulter k.",1500,1535.2617431142,139
"2022-wimbledon-2131","wimbledon",2022,"0:02:35",8,"Clara Burel","Katie Boulter",98,1,1,1,"W","CTL",1,1,16.942,4.185,1,0.982266769468003,"burel c.","boulter k.",1500,1535.2617431142,155
"2022-wimbledon-2131","wimbledon",2022,"0:03:29",9,"Clara Burel","Katie Boulter",105,1,2,2,"BC","NCTL",1,2,18.484,15.228,0,0.99589848756729,"burel c.","boulter k.",1500,1535.2617431142,209
"2022-wimbledon-2131","wimbledon",2022,"0:03:49",10,"Clara Burel","Katie Boulter",108,1,2,1,"BW","CTL",4,2,24.218,22.126,1,1.02435273006921,"burel c.","boulter k.",1500,1535.2617431142,229
"2022-wimbledon-2131","wimbledon",2022,"0:04:18",11,"Clara Burel","Katie Boulter",100,1,2,1,"W","NCTL",4,2,35.932,28.579,1,0.948474750064086,"burel c.","boulter k.",1500,1535.2617431142,258
"2022-wimbledon-2131","wimbledon",2022,"0:04:50",12,"Clara Burel","Katie Boulter",89,2,2,1,"BC","NCTL",2,2,6.571,7.164,0,0.844142527557037,"burel c.","boulter k.",1500,1535.2617431142,290
"2022-wimbledon-2131","wimbledon",2022,"0:05:44",13,"Clara Burel","Katie Boulter",105,1,2,1,"B","NCTL",10,2,75.462,36.078,1,0.99589848756729,"burel c.","boulter k.",1500,1535.2617431142,344
"2022-wimbledon-2131","wimbledon",2022,"0:06:24",14,"Clara Burel","Katie Boulter",73,2,1,2,"B","NCTL",10,3,48.113,50.791,1,0.731688511950655,"burel c.","boulter k.",1500,1535.2617431142,384
"2022-wimbledon-2131","wimbledon",2022,"0:07:44",16,"Clara Burel","Katie Boulter",104,1,1,1,"BC","NCTL",1,3,23.919,26.384,1,1.04240555127217,"burel c.","boulter k.",1500,1535.2617431142,464
"2022-wimbledon-2131","wimbledon",2022,"0:08:03",17,"Clara Burel","Katie Boulter",71,2,1,1,"W","NCTL",1,3,7.817,15.582,0,0.711642251349268,"burel c.","boulter k.",1500,1535.2617431142,483
"2022-wimbledon-2131","wimbledon",2022,"0:08:30",18,"Clara Burel","Katie Boulter",102,1,1,2,"W","NCTL",4,3,27.37,28.383,0,1.02235929067078,"burel c.","boulter k.",1500,1535.2617431142,510
"2022-wimbledon-2131","wimbledon",2022,"0:08:52",19,"Clara Burel","Katie Boulter",105,1,1,1,"W","NCTL",5,3,48.858,35.582,1,1.05242868157286,"burel c.","boulter k.",1500,1535.2617431142,532
"2022-wimbledon-2131","wimbledon",2022,"0:09:28",20,"Clara Burel","Katie Boulter",77,2,1,1,"C","NCTL",7,3,41.503,39.229,0,0.771781033153431,"burel c.","boulter k.",1500,1535.2617431142,568
"2022-wimbledon-2131","wimbledon",2022,"0:10:05",21,"Clara Burel","Katie Boulter",101,1,1,1,"C","CTL",1,3,14.555,16.792,1,1.01233616037008,"burel c.","boulter k.",1500,1535.2617431142,605
"2022-wimbledon-2131","wimbledon",2022,"0:12:24",23,"Clara Burel","Katie Boulter",104,1,2,1,"C","NCTL",10,4,93.545,75.611,1,0.98641374006665,"burel c.","boulter k.",1500,1535.2617431142,744
"2022-wimbledon-2131","wimbledon",2022,"0:13:02",24,"Clara Burel","Katie Boulter",99,1,2,2,"B","NCTL",5,4,58.983,41.866,0,0.938990002563445,"burel c.","boulter k.",1500,1535.2617431142,782
"2022-wimbledon-2131","wimbledon",2022,"0:13:32",25,"Clara Burel","Katie Boulter",107,1,2,2,"C","NCTL",1,4,58.134,46.324,0,1.01486798256857,"burel c.","boulter k.",1500,1535.2617431142,812
"2022-wimbledon-2131","wimbledon",2022,"0:13:54",26,"Clara Burel","Katie Boulter",104,1,2,2,"W","NCTL",1,4,19.686,16.545,0,0.98641374006665,"burel c.","boulter k.",1500,1535.2617431142,834
"2022-wimbledon-2131","wimbledon",2022,"0:14:12",27,"Clara Burel","Katie Boulter",90,2,2,2,"BC","NCTL",1,4,15.817,17.078,1,0.853627275057678,"burel c.","boulter k.",1500,1535.2617431142,852
"2022-wimbledon-2131","wimbledon",2022,"0:14:48",28,"Clara Burel","Katie Boulter",73,2,1,2,"C","NCTL",2,5,16.038,14.336,1,0.731688511950655,"burel c.","boulter k.",1500,1535.2617431142,888
"2022-wimbledon-2131","wimbledon",2022,"0:15:14",29,"Clara Burel","Katie Boulter",78,2,1,2,"BW","NCTL",2,5,46.176,25.537,1,0.781804163454125,"burel c.","boulter k.",1500,1535.2617431142,914
"2022-wimbledon-2131","wimbledon",2022,"0:16:18",31,"Clara Burel","Katie Boulter",102,2,1,1,"W","NCTL",1,5,12.576,23.038,0,1.02235929067078,"burel c.","boulter k.",1500,1535.2617431142,978
"2022-wimbledon-2131","wimbledon",2022,"0:16:53",32,"Clara Burel","Katie Boulter",103,1,1,1,"BW","NCTL",1,5,28.958,26.951,1,1.03238242097147,"burel c.","boulter k.",1500,1535.2617431142,1013
"2022-wimbledon-2131","wimbledon",2022,"0:19:23",34,"Clara Burel","Katie Boulter",106,1,2,1,"B","NCTL",2,6,44.742,10.512,1,1.00538323506793,"burel c.","boulter k.",1500,1535.2617431142,1163
"2022-wimbledon-2131","wimbledon",2022,"0:19:59",35,"Clara Burel","Katie Boulter",104,1,2,2,"BW","CTL",3,6,23.993,17.408,0,0.98641374006665,"burel c.","boulter k.",1500,1535.2617431142,1199
"2022-wimbledon-2131","wimbledon",2022,"0:20:24",36,"Clara Burel","Katie Boulter",107,1,2,2,"C","NCTL",1,6,20.954,13.636,0,1.01486798256857,"burel c.","boulter k.",1500,1535.2617431142,1224
"2022-wimbledon-2131","wimbledon",2022,"0:20:43",37,"Clara Burel","Katie Boulter",105,1,2,2,"W","CTL",1,6,6.086,17.908,0,0.99589848756729,"burel c.","boulter k.",1500,1535.2617431142,1243
"2022-wimbledon-2131","wimbledon",2022,"0:21:02",38,"Clara Burel","Katie Boulter",109,1,2,2,"BW","NCTL",5,6,29.668,28.599,0,1.03383747756985,"burel c.","boulter k.",1500,1535.2617431142,1262
"2022-wimbledon-2131","wimbledon",2022,"0:21:34",39,"Clara Burel","Katie Boulter",96,1,1,1,"W","CTL",1,7,23.959,13.337,1,0.962220508866615,"burel c.","boulter k.",1500,1535.2617431142,1294
"2022-wimbledon-2131","wimbledon",2022,"0:21:57",40,"Clara Burel","Katie Boulter",68,2,1,1,"BW","NCTL",7,7,29.859,27.18,0,0.681572860447186,"burel c.","boulter k.",1500,1535.2617431142,1317
"2022-wimbledon-2131","wimbledon",2022,"0:22:36",41,"Clara Burel","Katie Boulter",103,1,1,2,"BC","NCTL",2,7,16.706,19.721,0,1.03238242097147,"burel c.","boulter k.",1500,1535.2617431142,1356
"2022-wimbledon-2131","wimbledon",2022,"0:22:55",42,"Clara Burel","Katie Boulter",102,1,1,2,"C","NCTL",12,7,45.879,85.069,0,1.02235929067078,"burel c.","boulter k.",1500,1535.2617431142,1375
"2022-wimbledon-2131","wimbledon",2022,"0:23:36",43,"Clara Burel","Katie Boulter",72,2,1,2,"BC","NCTL",2,7,20.349,20.655,1,0.721665381649961,"burel c.","boulter k.",1500,1535.2617431142,1416
"2022-wimbledon-2131","wimbledon",2022,"0:24:03",44,"Clara Burel","Katie Boulter",103,2,1,1,"BW","NCTL",5,7,39.382,30.708,0,1.03238242097147,"burel c.","boulter k.",1500,1535.2617431142,1443
"2022-wimbledon-2131","wimbledon",2022,"0:24:39",45,"Clara Burel","Katie Boulter",95,1,1,1,"W","CTL",1,7,12.404,13.196,1,0.952197378565921,"burel c.","boulter k.",1500,1535.2617431142,1479
"2022-wimbledon-2131","wimbledon",2022,"0:24:57",46,"Clara Burel","Katie Boulter",103,1,1,1,"C","CTL",1,7,13.453,17.28,1,1.03238242097147,"burel c.","boulter k.",1500,1535.2617431142,1497
"2022-wimbledon-2131","wimbledon",2022,"0:27:10",48,"Clara Burel","Katie Boulter",93,2,2,1,"BC","NCTL",6,8,32.623,32.909,0,0.8820815175596,"burel c.","boulter k.",1500,1535.2617431142,1630
"2022-wimbledon-2131","wimbledon",2022,"0:28:00",49,"Clara Burel","Katie Boulter",84,2,2,2,"C","NCTL",1,8,26.364,24.047,1,0.796718790053832,"burel c.","boulter k.",1500,1535.2617431142,1680
"2022-wimbledon-2131","wimbledon",2022,"0:28:36",50,"Clara Burel","Katie Boulter",91,2,2,2,"BC","NCTL",3,8,21.769,24.393,1,0.863112022558318,"burel c.","boulter k.",1500,1535.2617431142,1716
"2022-wimbledon-2131","wimbledon",2022,"0:29:13",51,"Clara Burel","Katie Boulter",101,1,2,1,"C","NCTL",2,8,25.038,17.339,1,0.957959497564727,"burel c.","boulter k.",1500,1535.2617431142,1753
"2022-wimbledon-2131","wimbledon",2022,"0:29:38",52,"Clara Burel","Katie Boulter",109,1,2,2,"W","CTL",1,8,20.804,18.087,0,1.03383747756985,"burel c.","boulter k.",1500,1535.2617431142,1778
"2022-wimbledon-2131","wimbledon",2022,"0:30:05",53,"Clara Burel","Katie Boulter",107,1,2,2,"C","CTL",5,8,35.335,29.915,0,1.01486798256857,"burel c.","boulter k.",1500,1535.2617431142,1805
"2022-wimbledon-2131","wimbledon",2022,"0:30:33",54,"Clara Burel","Katie Boulter",105,1,2,2,"W","NCTL",1,8,19.8,4.604,0,0.99589848756729,"burel c.","boulter k.",1500,1535.2617431142,1833
"2022-wimbledon-2131","wimbledon",2022,"0:31:01",55,"Clara Burel","Katie Boulter",80,2,1,1,"BW","NCTL",1,9,17.894,15.574,0,0.801850424055513,"burel c.","boulter k.",1500,1535.2617431142,1861
"2022-wimbledon-2131","wimbledon",2022,"0:31:26",56,"Clara Burel","Katie Boulter",104,1,1,2,"C","NCTL",2,9,22.431,22.456,0,1.04240555127217,"burel c.","boulter k.",1500,1535.2617431142,1886
"2022-wimbledon-2131","wimbledon",2022,"0:31:46",57,"Clara Burel","Katie Boulter",89,2,1,1,"W","CTL",1,9,13.171,16.869,0,0.892058596761758,"burel c.","boulter k.",1500,1535.2617431142,1906
"2022-wimbledon-2131","wimbledon",2022,"0:32:12",58,"Clara Burel","Katie Boulter",83,2,1,1,"B","CTL",5,9,32.647,26.635,0,0.831919814957594,"burel c.","boulter k.",1500,1535.2617431142,1932
"2022-wimbledon-2131","wimbledon",2022,"0:32:48",59,"Clara Burel","Katie Boulter",100,1,1,1,"C","NCTL",3,9,20.843,31.44,1,1.00231303006939,"burel c.","boulter k.",1500,1535.2617431142,1968
"2022-wimbledon-2131","wimbledon",2022,"0:34:24",60,"Clara Burel","Katie Boulter",102,1,2,2,"W","CTL",3,10,39.419,29.59,0,0.967444245065368,"burel c.","boulter k.",1500,1535.2617431142,2064
"2022-wimbledon-2131","wimbledon",2022,"0:34:47",61,"Clara Burel","Katie Boulter",104,1,2,2,"BW","NCTL",1,10,19.215,16.511,0,0.98641374006665,"burel c.","boulter k.",1500,1535.2617431142,2087
"2022-wimbledon-2131","wimbledon",2022,"0:35:04",62,"Clara Burel","Katie Boulter",103,1,2,1,"C","NCTL",2,10,24.582,21.358,1,0.976928992566009,"burel c.","boulter k.",1500,1535.2617431142,2104
"2022-wimbledon-2131","wimbledon",2022,"0:36:30",63,"Clara Burel","Katie Boulter",112,1,2,2,"BW","CTL",3,10,24.319,25.448,0,1.06229172007178,"burel c.","boulter k.",1500,1535.2617431142,2190
"2022-wimbledon-2131","wimbledon",2022,"0:36:55",64,"Clara Burel","Katie Boulter",98,1,2,2,"BW","NCTL",3,10,28.987,28.011,0,0.929505255062804,"burel c.","boulter k.",1500,1535.2617431142,2215
"2022-wimbledon-2131","wimbledon",2022,"0:37:22",65,"Clara Burel","Katie Boulter",107,1,1,1,"C","CTL",1,11,23.3,14.288,1,1.07247494217425,"burel c.","boulter k.",1500,1535.2617431142,2242
"2022-wimbledon-2131","wimbledon",2022,"0:37:46",66,"Clara Burel","Katie Boulter",76,2,1,2,"B","NCTL",6,11,28.523,25.552,1,0.761757902852737,"burel c.","boulter k.",1500,1535.2617431142,2266
"2022-wimbledon-2131","wimbledon",2022,"0:38:23",67,"Clara Burel","Katie Boulter",96,1,1,2,"W","NCTL",2,11,18.06,21.877,0,0.962220508866615,"burel c.","boulter k.",1500,1535.2617431142,2303
"2022-wimbledon-2131","wimbledon",2022,"0:38:44",68,"Clara Burel","Katie Boulter",96,2,1,2,"C","NCTL",2,11,18.173,21.972,1,0.962220508866615,"burel c.","boulter k.",1500,1535.2617431142,2324
"2022-wimbledon-2131","wimbledon",2022,"0:39:14",69,"Clara Burel","Katie Boulter",84,2,1,2,"B","CTL",4,11,31.893,28.881,1,0.841942945258288,"burel c.","boulter k.",1500,1535.2617431142,2354
"2022-wimbledon-2131","wimbledon",2022,"0:41:05",70,"Clara Burel","Katie Boulter",91,2,2,1,"B","NCTL",2,12,35.62,20.504,0,0.863112022558318,"burel c.","boulter k.",1500,1535.2617431142,2465
"2022-wimbledon-2131","wimbledon",2022,"0:41:56",71,"Clara Burel","Katie Boulter",111,1,2,2,"W","CTL",1,12,19.944,14.834,0,1.05280697257114,"burel c.","boulter k.",1500,1535.2617431142,2516
"2022-wimbledon-2131","wimbledon",2022,"0:42:16",72,"Clara Burel","Katie Boulter",109,1,2,2,"C","NCTL",1,12,15.427,34.653,0,1.03383747756985,"burel c.","boulter k.",1500,1535.2617431142,2536
"2022-wimbledon-2131","wimbledon",2022,"0:42:34",73,"Clara Burel","Katie Boulter",112,1,2,2,"BC","NCTL",1,12,17.092,16.759,0,1.06229172007178,"burel c.","boulter k.",1500,1535.2617431142,2554
"2022-wimbledon-2131","wimbledon",2022,"0:42:52",74,"Clara Burel","Katie Boulter",86,2,2,1,"BW","CTL",2,12,22.094,20.022,0,0.815688285055114,"burel c.","boulter k.",1500,1535.2617431142,2572
"2022-wimbledon-2131","wimbledon",2022,"0:43:49",75,"Clara Burel","Katie Boulter",90,2,2,2,"BC","NCTL",1,12,17.399,17.486,1,0.853627275057678,"burel c.","boulter k.",1500,1535.2617431142,2629
"2022-wimbledon-2131","wimbledon",2022,"0:45:57",76,"Clara Burel","Katie Boulter",88,1,1,1,"BC","NCTL",1,1,24.072,25.816,1,0.882035466461064,"burel c.","boulter k.",1500,1535.2617431142,2757
"2022-wimbledon-2131","wimbledon",2022,"0:46:10",77,"Clara Burel","Katie Boulter",103,1,1,1,"BW","NCTL",3,1,24.913,28.407,1,1.03238242097147,"burel c.","boulter k.",1500,1535.2617431142,2770
"2022-wimbledon-2131","wimbledon",2022,"0:46:28",78,"Clara Burel","Katie Boulter",98,1,1,2,"BC","NCTL",6,1,32.928,37.143,0,0.982266769468003,"burel c.","boulter k.",1500,1535.2617431142,2788
"2022-wimbledon-2131","wimbledon",2022,"0:46:53",79,"Clara Burel","Katie Boulter",99,1,1,1,"C","CTL",1,1,35.533,38.41,1,0.992289899768697,"burel c.","boulter k.",1500,1535.2617431142,2813
"2022-wimbledon-2131","wimbledon",2022,"0:47:09",80,"Clara Burel","Katie Boulter",82,2,1,2,"BC","NCTL",12,1,53.937,49.774,1,0.8218966846569,"burel c.","boulter k.",1500,1535.2617431142,2829
"2022-wimbledon-2131","wimbledon",2022,"0:47:56",81,"Clara Burel","Katie Boulter",102,1,1,1,"BW","NCTL",1,1,13.213,14.308,1,1.02235929067078,"burel c.","boulter k.",1500,1535.2617431142,2876
"2022-wimbledon-2131","wimbledon",2022,"0:48:53",82,"Clara Burel","Katie Boulter",97,1,2,2,"W","CTL",3,2,42.726,41.492,0,0.920020507562163,"burel c.","boulter k.",1500,1535.2617431142,2933
"2022-wimbledon-2131","wimbledon",2022,"0:49:47",84,"Clara Burel","Katie Boulter",89,2,2,2,"B","NCTL",1,2,27.176,16.997,1,0.844142527557037,"burel c.","boulter k.",1500,1535.2617431142,2987
"2022-wimbledon-2131","wimbledon",2022,"0:50:23",85,"Clara Burel","Katie Boulter",88,2,2,2,"C","NCTL",1,2,19.604,18.815,1,0.834657780056396,"burel c.","boulter k.",1500,1535.2617431142,3023
"2022-wimbledon-2131","wimbledon",2022,"0:50:51",86,"Clara Burel","Katie Boulter",92,2,2,1,"BC","NCTL",2,2,18.004,19.465,0,0.872596770058959,"burel c.","boulter k.",1500,1535.2617431142,3051
"2022-wimbledon-2131","wimbledon",2022,"0:51:26",87,"Clara Burel","Katie Boulter",90,2,2,1,"C","NCTL",16,2,86.283,63.039,0,0.853627275057678,"burel c.","boulter k.",1500,1535.2617431142,3086
"2022-wimbledon-2131","wimbledon",2022,"0:52:46",88,"Clara Burel","Katie Boulter",91,2,2,2,"B","NCTL",3,2,26.369,26.689,1,0.863112022558318,"burel c.","boulter k.",1500,1535.2617431142,3166
"2022-wimbledon-2131","wimbledon",2022,"0:53:44",89,"Clara Burel","Katie Boulter",111,1,2,2,"BW","CTL",3,2,21.811,19.536,0,1.05280697257114,"burel c.","boulter k.",1500,1535.2617431142,3224
"2022-wimbledon-2131","wimbledon",2022,"0:54:11",90,"Clara Burel","Katie Boulter",89,1,1,1,"W","CTL",1,3,18.444,20.266,1,0.892058596761758,"burel c.","boulter k.",1500,1535.2617431142,3251
"2022-wimbledon-2131","wimbledon",2022,"0:54:37",91,"Clara Burel","Katie Boulter",101,1,1,1,"W","CTL",3,3,14.565,23.606,1,1.01233616037008,"burel c.","boulter k.",1500,1535.2617431142,3277
"2022-wimbledon-2131","wimbledon",2022,"0:54:55",92,"Clara Burel","Katie Boulter",98,1,1,1,"BC","CTL",3,3,16.992,21.029,1,0.982266769468003,"burel c.","boulter k.",1500,1535.2617431142,3295
"2022-wimbledon-2131","wimbledon",2022,"0:55:12",93,"Clara Burel","Katie Boulter",103,1,1,2,"BW","CTL",4,3,24.481,25.892,0,1.03238242097147,"burel c.","boulter k.",1500,1535.2617431142,3312
"2022-wimbledon-2131","wimbledon",2022,"0:55:34",94,"Clara Burel","Katie Boulter",82,2,1,1,"B","NCTL",1,3,13.272,24.195,0,0.8218966846569,"burel c.","boulter k.",1500,1535.2617431142,3334
"2022-wimbledon-2131","wimbledon",2022,"0:57:19",95,"Clara Burel","Katie Boulter",93,2,2,1,"B","NCTL",2,4,21.281,18.694,0,0.8820815175596,"burel c.","boulter k.",1500,1535.2617431142,3439
"2022-wimbledon-2131","wimbledon",2022,"0:57:50",96,"Clara Burel","Katie Boulter",108,1,2,2,"W","NCTL",11,4,57.336,48.583,0,1.02435273006921,"burel c.","boulter k.",1500,1535.2617431142,3470
"2022-wimbledon-2131","wimbledon",2022,"0:58:59",97,"Clara Burel","Katie Boulter",109,1,2,2,"BW","NCTL",3,4,26.235,20.399,0,1.03383747756985,"burel c.","boulter k.",1500,1535.2617431142,3539
"2022-wimbledon-2131","wimbledon",2022,"0:59:26",98,"Clara Burel","Katie Boulter",91,2,2,2,"BC","NCTL",1,4,17.092,15.826,1,0.863112022558318,"burel c.","boulter k.",1500,1535.2617431142,3566
"2022-wimbledon-2131","wimbledon",2022,"0:59:54",99,"Clara Burel","Katie Boulter",104,1,2,2,"C","NCTL",3,4,22.176,17.867,0,0.98641374006665,"burel c.","boulter k.",1500,1535.2617431142,3594
"2022-wimbledon-2131","wimbledon",2022,"1:00:37",100,"Clara Burel","Katie Boulter",94,1,1,1,"W","CTL",1,5,20.492,20.114,1,0.942174248265227,"burel c.","boulter k.",1500,1535.2617431142,3637
"2022-wimbledon-2131","wimbledon",2022,"1:00:52",101,"Clara Burel","Katie Boulter",76,2,1,1,"B","NCTL",1,5,16.954,15.512,0,0.761757902852737,"burel c.","boulter k.",1500,1535.2617431142,3652
"2022-wimbledon-2131","wimbledon",2022,"1:01:28",102,"Clara Burel","Katie Boulter",83,2,1,1,"B","NCTL",9,5,43.955,37.259,0,0.831919814957594,"burel c.","boulter k.",1500,1535.2617431142,3688
"2022-wimbledon-2131","wimbledon",2022,"1:02:18",103,"Clara Burel","Katie Boulter",103,1,1,2,"BC","NCTL",4,5,37.56,36.145,0,1.03238242097147,"burel c.","boulter k.",1500,1535.2617431142,3738
"2022-wimbledon-2131","wimbledon",2022,"1:02:42",104,"Clara Burel","Katie Boulter",97,1,1,1,"BW","NCTL",3,5,17.037,20.283,1,0.972243639167309,"burel c.","boulter k.",1500,1535.2617431142,3762
"2022-wimbledon-2131","wimbledon",2022,"1:04:24",105,"Clara Burel","Katie Boulter",100,1,2,2,"W","NCTL",3,6,31.668,18.864,0,0.948474750064086,"burel c.","boulter k.",1500,1535.2617431142,3864
"2022-wimbledon-2131","wimbledon",2022,"1:04:48",106,"Clara Burel","Katie Boulter",95,2,2,1,"BC","NCTL",2,6,9.444,7.436,0,0.901051012560882,"burel c.","boulter k.",1500,1535.2617431142,3888
"2022-wimbledon-2131","wimbledon",2022,"1:05:34",107,"Clara Burel","Katie Boulter",108,1,2,1,"C","NCTL",2,6,22.618,17.842,1,1.02435273006921,"burel c.","boulter k.",1500,1535.2617431142,3934
"2022-wimbledon-2131","wimbledon",2022,"1:06:27",108,"Clara Burel","Katie Boulter",111,1,2,2,"W","CTL",1,6,20.665,14.649,0,1.05280697257114,"burel c.","boulter k.",1500,1535.2617431142,3987
"2022-wimbledon-2131","wimbledon",2022,"1:06:47",109,"Clara Burel","Katie Boulter",101,1,2,2,"W","CTL",5,6,34.099,24.031,0,0.957959497564727,"burel c.","boulter k.",1500,1535.2617431142,4007
"2022-wimbledon-2131","wimbledon",2022,"1:07:17",110,"Clara Burel","Katie Boulter",94,2,2,2,"B","NCTL",1,6,16.197,15.589,1,0.891566265060241,"burel c.","boulter k.",1500,1535.2617431142,4037
"2022-wimbledon-2131","wimbledon",2022,"1:07:59",111,"Clara Burel","Katie Boulter",95,1,1,2,"W","CTL",4,7,27.847,27.089,0,0.952197378565921,"burel c.","boulter k.",1500,1535.2617431142,4079
"2022-wimbledon-2131","wimbledon",2022,"1:08:19",112,"Clara Burel","Katie Boulter",104,1,1,2,"BW","NCTL",2,7,19.696,21.881,0,1.04240555127217,"burel c.","boulter k.",1500,1535.2617431142,4099
"2022-wimbledon-2131","wimbledon",2022,"1:08:40",113,"Clara Burel","Katie Boulter",100,1,1,1,"BW","NCTL",3,7,40.995,54.828,1,1.00231303006939,"burel c.","boulter k.",1500,1535.2617431142,4120
"2022-wimbledon-2131","wimbledon",2022,"1:09:11",114,"Clara Burel","Katie Boulter",104,1,1,1,"C","CTL",1,7,12.335,13.889,1,1.04240555127217,"burel c.","boulter k.",1500,1535.2617431142,4151
"2022-wimbledon-2131","wimbledon",2022,"1:09:25",115,"Clara Burel","Katie Boulter",70,2,1,2,"BW","NCTL",2,7,22.09,30.276,1,0.701619121048574,"burel c.","boulter k.",1500,1535.2617431142,4165
"2022-wimbledon-2131","wimbledon",2022,"1:10:02",116,"Clara Burel","Katie Boulter",103,1,1,1,"C","NCTL",1,7,14.412,20.24,1,1.03238242097147,"burel c.","boulter k.",1500,1535.2617431142,4202
"2022-wimbledon-2131","wimbledon",2022,"1:10:20",117,"Clara Burel","Katie Boulter",100,1,1,2,"BC","NCTL",2,7,10.144,13.997,0,1.00231303006939,"burel c.","boulter k.",1500,1535.2617431142,4220
"2022-wimbledon-2131","wimbledon",2022,"1:10:49",118,"Clara Burel","Katie Boulter",77,2,1,2,"BW","CTL",2,7,15.915,15.524,1,0.771781033153431,"burel c.","boulter k.",1500,1535.2617431142,4249
"2022-wimbledon-2131","wimbledon",2022,"1:12:37",119,"Clara Burel","Katie Boulter",111,1,2,1,"C","NCTL",2,8,21.743,20.846,1,1.05280697257114,"burel c.","boulter k.",1500,1535.2617431142,4357
"2022-wimbledon-2131","wimbledon",2022,"1:13:02",120,"Clara Burel","Katie Boulter",107,1,2,2,"C","NCTL",3,8,44.422,19.227,0,1.01486798256857,"burel c.","boulter k.",1500,1535.2617431142,4382
"2022-wimbledon-2131","wimbledon",2022,"1:13:27",121,"Clara Burel","Katie Boulter",94,2,2,1,"BW","NCTL",2,8,33.566,29.291,0,0.891566265060241,"burel c.","boulter k.",1500,1535.2617431142,4407
"2022-wimbledon-2131","wimbledon",2022,"1:14:02",122,"Clara Burel","Katie Boulter",89,2,2,2,"BC","NCTL",5,8,31.004,31.181,1,0.844142527557037,"burel c.","boulter k.",1500,1535.2617431142,4442
"2022-wimbledon-2131","wimbledon",2022,"1:14:48",123,"Clara Burel","Katie Boulter",98,1,2,2,"W","CTL",1,8,20.451,14.907,0,0.929505255062804,"burel c.","boulter k.",1500,1535.2617431142,4488
"2022-wimbledon-2131","wimbledon",2022,"1:15:08",124,"Clara Burel","Katie Boulter",94,2,2,1,"C","NCTL",4,8,27.099,24.969,0,0.891566265060241,"burel c.","boulter k.",1500,1535.2617431142,4508
"2022-wimbledon-2131","wimbledon",2022,"1:15:58",125,"Clara Burel","Katie Boulter",91,2,2,2,"B","NCTL",5,8,34.162,27.186,1,0.863112022558318,"burel c.","boulter k.",1500,1535.2617431142,4558
"2022-wimbledon-2131","wimbledon",2022,"1:16:53",126,"Clara Burel","Katie Boulter",90,2,2,2,"BC","NCTL",1,8,13.248,13.005,1,0.853627275057678,"burel c.","boulter k.",1500,1535.2617431142,4613
"2022-wimbledon-2131","wimbledon",2022,"1:17:29",127,"Clara Burel","Katie Boulter",101,2,1,1,"W","CTL",1,9,12.489,12.959,0,1.01233616037008,"burel c.","boulter k.",1500,1535.2617431142,4649
"2022-wimbledon-2131","wimbledon",2022,"1:18:20",129,"Clara Burel","Katie Boulter",94,1,1,2,"W","CTL",6,9,31.266,20.829,0,0.942174248265227,"burel c.","boulter k.",1500,1535.2617431142,4700
"2022-wimbledon-2131","wimbledon",2022,"1:19:20",131,"Clara Burel","Katie Boulter",74,2,1,2,"B","NCTL",4,9,23.517,22.69,1,0.741711642251349,"burel c.","boulter k.",1500,1535.2617431142,4760
"2022-wimbledon-2133","wimbledon",2022,"0:00:00",1,"Danielle Collins","Marie Bouzkova",96,1,1,1,"B","NCTL",5,1,23.363,25.48,1,0.94901144640999,"collins d.","bouzkova m.",1500,1574.96861825405,0
"2022-wimbledon-2133","wimbledon",2022,"0:00:56",3,"Danielle Collins","Marie Bouzkova",103,2,1,2,"B","CTL",2,1,7.037,6.643,1,1.01821019771072,"collins d.","bouzkova m.",1500,1574.96861825405,56
"2022-wimbledon-2133","wimbledon",2022,"0:01:29",4,"Danielle Collins","Marie Bouzkova",89,2,1,1,"BW","CTL",3,1,9.277,10.629,0,0.879812695109261,"collins d.","bouzkova m.",1500,1574.96861825405,89
"2022-wimbledon-2133","wimbledon",2022,"0:02:07",5,"Danielle Collins","Marie Bouzkova",97,2,1,2,"BW","NCTL",2,1,3.122,3.184,1,0.958896982310094,"collins d.","bouzkova m.",1500,1574.96861825405,127
"2022-wimbledon-2133","wimbledon",2022,"0:02:40",6,"Danielle Collins","Marie Bouzkova",84,2,1,1,"W","CTL",1,1,2.893,4.355,0,0.830385015608741,"collins d.","bouzkova m.",1500,1574.96861825405,160
"2022-wimbledon-2133","wimbledon",2022,"0:03:47",8,"Danielle Collins","Marie Bouzkova",82,2,1,1,"W","CTL",3,1,5.921,9.354,0,0.810613943808533,"collins d.","bouzkova m.",1500,1574.96861825405,227
"2022-wimbledon-2133","wimbledon",2022,"0:05:00",10,"Danielle Collins","Marie Bouzkova",109,1,1,1,"W","CTL",1,1,1.071,0.459,1,1.07752341311134,"collins d.","bouzkova m.",1500,1574.96861825405,300
"2022-wimbledon-2133","wimbledon",2022,"0:05:24",11,"Danielle Collins","Marie Bouzkova",93,2,1,1,"BC","NCTL",3,1,7.551,10.79,0,0.919354838709677,"collins d.","bouzkova m.",1500,1574.96861825405,324
"2022-wimbledon-2133","wimbledon",2022,"0:06:34",13,"Danielle Collins","Marie Bouzkova",103,1,1,1,"W","CTL",5,1,12.466,11.829,1,1.01821019771072,"collins d.","bouzkova m.",1500,1574.96861825405,394
"2022-wimbledon-2133","wimbledon",2022,"0:07:05",14,"Danielle Collins","Marie Bouzkova",89,2,1,2,"BW","NCTL",4,1,15.317,16.269,1,0.879812695109261,"collins d.","bouzkova m.",1500,1574.96861825405,425
"2022-wimbledon-2133","wimbledon",2022,"0:07:51",15,"Danielle Collins","Marie Bouzkova",104,1,1,2,"BW","NCTL",2,1,7.574,9.771,0,1.02809573361082,"collins d.","bouzkova m.",1500,1574.96861825405,471
"2022-wimbledon-2133","wimbledon",2022,"0:08:17",16,"Danielle Collins","Marie Bouzkova",110,1,1,2,"W","NCTL",2,1,9.323,9.133,0,1.08740894901145,"collins d.","bouzkova m.",1500,1574.96861825405,497
"2022-wimbledon-2133","wimbledon",2022,"0:09:40",17,"Danielle Collins","Marie Bouzkova",87,2,2,2,"BW","NCTL",1,2,3.458,3.743,1,0.916861826697892,"collins d.","bouzkova m.",1500,1574.96861825405,580
"2022-wimbledon-2133","wimbledon",2022,"0:10:38",18,"Danielle Collins","Marie Bouzkova",77,2,2,1,"B","NCTL",8,2,30.512,38.429,0,0.811475409836066,"collins d.","bouzkova m.",1500,1574.96861825405,638
"2022-wimbledon-2133","wimbledon",2022,"0:11:29",19,"Danielle Collins","Marie Bouzkova",94,1,2,2,"W","NCTL",5,2,23.119,22.573,0,0.990632318501171,"collins d.","bouzkova m.",1500,1574.96861825405,689
"2022-wimbledon-2133","wimbledon",2022,"0:12:07",20,"Danielle Collins","Marie Bouzkova",76,2,2,1,"BC","NCTL",4,2,9.35,9.949,0,0.800936768149883,"collins d.","bouzkova m.",1500,1574.96861825405,727
"2022-wimbledon-2133","wimbledon",2022,"0:12:54",21,"Danielle Collins","Marie Bouzkova",103,1,2,1,"B","NCTL",2,2,4.439,6.804,1,1.08548009367681,"collins d.","bouzkova m.",1500,1574.96861825405,774
"2022-wimbledon-2133","wimbledon",2022,"0:13:21",22,"Danielle Collins","Marie Bouzkova",98,1,2,1,"BC","NCTL",4,2,9.074,7.271,1,1.0327868852459,"collins d.","bouzkova m.",1500,1574.96861825405,801
"2022-wimbledon-2133","wimbledon",2022,"0:14:33",24,"Danielle Collins","Marie Bouzkova",76,2,1,1,"BW","NCTL",5,3,17.25,18.561,0,0.751300728407908,"collins d.","bouzkova m.",1500,1574.96861825405,873
"2022-wimbledon-2133","wimbledon",2022,"0:15:09",25,"Danielle Collins","Marie Bouzkova",87,1,1,1,"C","NCTL",7,3,20.36,20.992,1,0.860041623309053,"collins d.","bouzkova m.",1500,1574.96861825405,909
"2022-wimbledon-2133","wimbledon",2022,"0:15:43",26,"Danielle Collins","Marie Bouzkova",82,1,1,2,"BW","NCTL",2,3,3.684,3.132,0,0.810613943808533,"collins d.","bouzkova m.",1500,1574.96861825405,943
"2022-wimbledon-2133","wimbledon",2022,"0:16:03",27,"Danielle Collins","Marie Bouzkova",92,2,1,1,"BW","NCTL",3,3,9.403,11.753,0,0.909469302809573,"collins d.","bouzkova m.",1500,1574.96861825405,963
"2022-wimbledon-2133","wimbledon",2022,"0:16:39",28,"Danielle Collins","Marie Bouzkova",99,2,1,2,"C","NCTL",2,3,4.904,4.78,1,0.978668054110302,"collins d.","bouzkova m.",1500,1574.96861825405,999
"2022-wimbledon-2133","wimbledon",2022,"0:17:23",29,"Danielle Collins","Marie Bouzkova",89,2,1,1,"C","NCTL",3,3,12.371,10.722,0,0.879812695109261,"collins d.","bouzkova m.",1500,1574.96861825405,1043
"2022-wimbledon-2133","wimbledon",2022,"0:18:01",30,"Danielle Collins","Marie Bouzkova",79,2,1,2,"W","NCTL",2,3,7.661,6.715,1,0.780957336108221,"collins d.","bouzkova m.",1500,1574.96861825405,1081
"2022-wimbledon-2133","wimbledon",2022,"0:18:40",31,"Danielle Collins","Marie Bouzkova",103,1,1,1,"B","NCTL",1,3,8.777,8.235,1,1.01821019771072,"collins d.","bouzkova m.",1500,1574.96861825405,1120
"2022-wimbledon-2133","wimbledon",2022,"0:19:06",32,"Danielle Collins","Marie Bouzkova",104,1,1,1,"B","CTL",1,3,2.88,1.993,1,1.02809573361082,"collins d.","bouzkova m.",1500,1574.96861825405,1146
"2022-wimbledon-2133","wimbledon",2022,"0:20:48",33,"Danielle Collins","Marie Bouzkova",80,2,2,1,"W","NCTL",2,4,4.722,3.882,0,0.843091334894614,"collins d.","bouzkova m.",1500,1574.96861825405,1248
"2022-wimbledon-2133","wimbledon",2022,"0:21:21",34,"Danielle Collins","Marie Bouzkova",93,1,2,2,"C","NCTL",7,4,24.096,35.075,0,0.980093676814988,"collins d.","bouzkova m.",1500,1574.96861825405,1281
"2022-wimbledon-2133","wimbledon",2022,"0:21:58",35,"Danielle Collins","Marie Bouzkova",79,2,2,2,"B","NCTL",1,4,4.658,4.438,1,0.832552693208431,"collins d.","bouzkova m.",1500,1574.96861825405,1318
"2022-wimbledon-2133","wimbledon",2022,"0:22:35",36,"Danielle Collins","Marie Bouzkova",94,1,2,1,"BW","NCTL",2,4,8.355,11.301,1,0.990632318501171,"collins d.","bouzkova m.",1500,1574.96861825405,1355
"2022-wimbledon-2133","wimbledon",2022,"0:23:55",38,"Danielle Collins","Marie Bouzkova",99,1,2,2,"C","CTL",3,4,11.192,13.172,0,1.04332552693208,"collins d.","bouzkova m.",1500,1574.96861825405,1435
"2022-wimbledon-2133","wimbledon",2022,"0:24:33",39,"Danielle Collins","Marie Bouzkova",102,2,1,1,"BC","NCTL",1,5,5.263,3.797,0,1.00832466181061,"collins d.","bouzkova m.",1500,1574.96861825405,1473
"2022-wimbledon-2133","wimbledon",2022,"0:25:23",40,"Danielle Collins","Marie Bouzkova",95,1,1,1,"B","NCTL",7,5,24.555,26.732,1,0.939125910509885,"collins d.","bouzkova m.",1500,1574.96861825405,1523
"2022-wimbledon-2133","wimbledon",2022,"0:25:57",41,"Danielle Collins","Marie Bouzkova",96,2,1,2,"B","NCTL",2,5,5.243,7.617,1,0.94901144640999,"collins d.","bouzkova m.",1500,1574.96861825405,1557
"2022-wimbledon-2133","wimbledon",2022,"0:27:20",43,"Danielle Collins","Marie Bouzkova",101,1,1,1,"BW","NCTL",5,5,14.769,15.565,1,0.99843912591051,"collins d.","bouzkova m.",1500,1574.96861825405,1640
"2022-wimbledon-2133","wimbledon",2022,"0:27:47",44,"Danielle Collins","Marie Bouzkova",81,1,1,1,"W","CTL",5,5,19.968,23.877,1,0.800728407908429,"collins d.","bouzkova m.",1500,1574.96861825405,1667
"2022-wimbledon-2133","wimbledon",2022,"0:29:45",45,"Danielle Collins","Marie Bouzkova",97,1,2,2,"BC","NCTL",5,6,16.359,18.806,0,1.02224824355972,"collins d.","bouzkova m.",1500,1574.96861825405,1785
"2022-wimbledon-2133","wimbledon",2022,"0:30:12",46,"Danielle Collins","Marie Bouzkova",94,1,2,2,"C","CTL",3,6,11.698,10.45,0,0.990632318501171,"collins d.","bouzkova m.",1500,1574.96861825405,1812
"2022-wimbledon-2133","wimbledon",2022,"0:30:39",47,"Danielle Collins","Marie Bouzkova",94,1,2,2,"W","CTL",1,6,3.572,3.694,0,0.990632318501171,"collins d.","bouzkova m.",1500,1574.96861825405,1839
"2022-wimbledon-2133","wimbledon",2022,"0:31:01",48,"Danielle Collins","Marie Bouzkova",83,1,2,2,"W","CTL",5,6,19.781,12.68,0,0.874707259953162,"collins d.","bouzkova m.",1500,1574.96861825405,1861
"2022-wimbledon-2133","wimbledon",2022,"0:31:41",49,"Danielle Collins","Marie Bouzkova",101,1,1,1,"W","CTL",5,7,17.055,18.775,1,0.99843912591051,"collins d.","bouzkova m.",1500,1574.96861825405,1901
"2022-wimbledon-2133","wimbledon",2022,"0:32:11",50,"Danielle Collins","Marie Bouzkova",99,2,1,1,"BC","NCTL",1,7,4.507,4.122,0,0.978668054110302,"collins d.","bouzkova m.",1500,1574.96861825405,1931
"2022-wimbledon-2133","wimbledon",2022,"0:32:45",51,"Danielle Collins","Marie Bouzkova",98,1,1,1,"W","CTL",3,7,5.163,7.513,1,0.968782518210198,"collins d.","bouzkova m.",1500,1574.96861825405,1965
"2022-wimbledon-2133","wimbledon",2022,"0:33:08",52,"Danielle Collins","Marie Bouzkova",109,1,1,1,"W","CTL",1,7,1.052,0.665,1,1.07752341311134,"collins d.","bouzkova m.",1500,1574.96861825405,1988
"2022-wimbledon-2133","wimbledon",2022,"0:34:51",53,"Danielle Collins","Marie Bouzkova",102,1,2,1,"BC","CTL",4,8,13.384,11.655,1,1.07494145199063,"collins d.","bouzkova m.",1500,1574.96861825405,2091
"2022-wimbledon-2133","wimbledon",2022,"0:35:15",54,"Danielle Collins","Marie Bouzkova",91,1,2,2,"C","NCTL",1,8,3.893,3.278,0,0.959016393442623,"collins d.","bouzkova m.",1500,1574.96861825405,2115
"2022-wimbledon-2133","wimbledon",2022,"0:35:38",55,"Danielle Collins","Marie Bouzkova",95,1,2,1,"W","NCTL",8,8,28.549,24.74,1,1.00117096018735,"collins d.","bouzkova m.",1500,1574.96861825405,2138
"2022-wimbledon-2133","wimbledon",2022,"0:36:15",56,"Danielle Collins","Marie Bouzkova",89,1,2,1,"B","NCTL",6,8,19.745,16.042,1,0.937939110070258,"collins d.","bouzkova m.",1500,1574.96861825405,2175
"2022-wimbledon-2133","wimbledon",2022,"0:36:52",57,"Danielle Collins","Marie Bouzkova",83,2,2,1,"W","CTL",2,8,5.446,4.816,0,0.874707259953162,"collins d.","bouzkova m.",1500,1574.96861825405,2212
"2022-wimbledon-2133","wimbledon",2022,"0:37:36",58,"Danielle Collins","Marie Bouzkova",91,1,1,2,"C","NCTL",4,9,7.629,7.952,0,0.899583766909469,"collins d.","bouzkova m.",1500,1574.96861825405,2256
"2022-wimbledon-2133","wimbledon",2022,"0:38:01",59,"Danielle Collins","Marie Bouzkova",105,1,1,1,"C","NCTL",7,9,24.241,30.604,1,1.03798126951093,"collins d.","bouzkova m.",1500,1574.96861825405,2281
"2022-wimbledon-2133","wimbledon",2022,"0:38:59",60,"Danielle Collins","Marie Bouzkova",111,1,1,1,"C","NCTL",1,9,6.769,7.268,1,1.09729448491155,"collins d.","bouzkova m.",1500,1574.96861825405,2339
"2022-wimbledon-2133","wimbledon",2022,"0:39:25",61,"Danielle Collins","Marie Bouzkova",97,2,1,2,"C","CTL",2,9,8.495,7.378,1,0.958896982310094,"collins d.","bouzkova m.",1500,1574.96861825405,2365
"2022-wimbledon-2133","wimbledon",2022,"0:40:20",62,"Danielle Collins","Marie Bouzkova",88,2,1,2,"BC","NCTL",6,9,17.551,16.472,1,0.869927159209157,"collins d.","bouzkova m.",1500,1574.96861825405,2420
"2022-wimbledon-2133","wimbledon",2022,"0:41:05",63,"Danielle Collins","Marie Bouzkova",86,1,1,2,"BW","NCTL",2,9,6.082,7.502,0,0.850156087408949,"collins d.","bouzkova m.",1500,1574.96861825405,2465
"2022-wimbledon-2133","wimbledon",2022,"0:43:03",64,"Danielle Collins","Marie Bouzkova",90,1,2,2,"W","NCTL",7,10,25.456,23.554,0,0.94847775175644,"collins d.","bouzkova m.",1500,1574.96861825405,2583
"2022-wimbledon-2133","wimbledon",2022,"0:43:36",65,"Danielle Collins","Marie Bouzkova",92,1,2,1,"C","NCTL",8,10,28.405,25.622,1,0.969555035128806,"collins d.","bouzkova m.",1500,1574.96861825405,2616
"2022-wimbledon-2133","wimbledon",2022,"0:44:11",66,"Danielle Collins","Marie Bouzkova",79,2,2,2,"B","NCTL",7,10,21.022,24.383,1,0.832552693208431,"collins d.","bouzkova m.",1500,1574.96861825405,2651
"2022-wimbledon-2133","wimbledon",2022,"0:45:06",67,"Danielle Collins","Marie Bouzkova",100,1,2,1,"W","NCTL",2,10,5.388,7.823,1,1.05386416861827,"collins d.","bouzkova m.",1500,1574.96861825405,2706
"2022-wimbledon-2133","wimbledon",2022,"0:45:35",68,"Danielle Collins","Marie Bouzkova",88,1,2,2,"W","CTL",3,10,9.551,6.558,0,0.927400468384075,"collins d.","bouzkova m.",1500,1574.96861825405,2735
"2022-wimbledon-2133","wimbledon",2022,"0:46:09",69,"Danielle Collins","Marie Bouzkova",102,1,2,1,"BW","CTL",2,10,6.757,8.767,1,1.07494145199063,"collins d.","bouzkova m.",1500,1574.96861825405,2769
"2022-wimbledon-2133","wimbledon",2022,"0:46:38",70,"Danielle Collins","Marie Bouzkova",81,2,2,2,"B","NCTL",5,10,17.824,15.01,1,0.853629976580796,"collins d.","bouzkova m.",1500,1574.96861825405,2798
