"match_id","slam","year","ElapsedTime","PointNumber","player1","player2","Speed_MPH","ServeNumber","PointServer","PointWinner","ServeWidth","ServeDepth","RallyCount","GameNo","P1DistanceRun","P2DistanceRun","serving_player_won","speed_ratio","player1_name","player2_name","player1_avg_welo","player2_avg_welo","ElapsedSeconds"
"2022-wimbledon-1109","wimbledon",2022,"0:00:00",1,"Jannik Sinner","Stan Wawrinka",118,1,1,1,"B","CTL",5,1,33.146,18.192,1,1.00425531914894,"sinner j.","wawrinka s.",1567.43795687885,1500,0
"2022-wimbledon-1109","wimbledon",2022,"0:00:31",2,"Jannik Sinner","Stan Wawrinka",120,1,1,2,"BW","NCTL",4,1,16.995,13.225,0,1.02127659574468,"sinner j.","wawrinka s.",1567.43795687885,1500,31
"2022-wimbledon-1109","wimbledon",2022,"0:01:02",3,"Jannik Sinner","Stan Wawrinka",96,2,1,2,"BC","NCTL",2,1,5.263,8.109,1,0.817021276595745,"sinner j.","wawrinka s.",1567.43795687885,1500,62
"2022-wimbledon-1109","wimbledon",2022,"0:01:42",4,"Jannik Sinner","Stan Wawrinka",122,1,1,1,"BW","CTL",1,1,6.4,19.135,1,1.03829787234043,"sinner j.","wawrinka s.",1567.43795687885,1500,102
"2022-wimbledon-1109","wimbledon",2022,"0:02:11",5,"Jannik Sinner","Stan Wawrinka",101,2,1,1,"BC","CTL",1,1,19.408,17.892,0,0.859574468085106,"sinner j.","wawrinka s.",1567.43795687885,1500,131
"2022-wimbledon-1109","wimbledon",2022,"0:03:01",6,"Jannik Sinner","Stan Wawrinka",88,2,1,2,"B","NCTL",4,1,10.421,10.377,1,0.748936170212766,"sinner j.","wawrinka s.",1567.43795687885,1500,181
"2022-wimbledon-1109","wimbledon",2022,"0:03:49",7,"Jannik Sinner","Stan Wawrinka",106,2,1,1,"B","NCTL",5,1,14.379,18.834,0,0.902127659574468,"sinner j.","wawrinka s.",1567.43795687885,1500,229
"2022-wimbledon-1109","wimbledon",2022,"0:04:34",8,"Jannik Sinner","Stan Wawrinka",103,1,1,2,"W","CTL",4,1,14.018,13.299,0,0.876595744680851,"sinner j.","wawrinka s.",1567.43795687885,1500,274
"2022-wimbledon-1109","wimbledon",2022,"0:05:26",9,"Jannik Sinner","Stan Wawrinka",129,1,1,1,"C","NCTL",1,1,5.821,5.774,1,1.09787234042553,"sinner j.","wawrinka s.",1567.43795687885,1500,326
"2022-wimbledon-1109","wimbledon",2022,"0:05:55",10,"Jannik Sinner","Stan Wawrinka",96,2,1,1,"BW","NCTL",1,1,3.971,5.413,0,0.817021276595745,"sinner j.","wawrinka s.",1567.43795687885,1500,355
"2022-wimbledon-1109","wimbledon",2022,"0:07:31",11,"Jannik Sinner","Stan Wawrinka",96,2,2,2,"BW","NCTL",1,2,4.612,3.331,1,0.812161269001983,"sinner j.","wawrinka s.",1567.43795687885,1500,451
"2022-wimbledon-1109","wimbledon",2022,"0:07:55",12,"Jannik Sinner","Stan Wawrinka",88,2,2,1,"BW","CTL",4,2,16.635,12.686,0,0.744481163251818,"sinner j.","wawrinka s.",1567.43795687885,1500,475
"2022-wimbledon-1109","wimbledon",2022,"0:08:28",13,"Jannik Sinner","Stan Wawrinka",98,2,2,1,"W","CTL",12,2,45.267,39.331,0,0.829081295439524,"sinner j.","wawrinka s.",1567.43795687885,1500,508
"2022-wimbledon-1109","wimbledon",2022,"0:09:15",14,"Jannik Sinner","Stan Wawrinka",95,2,2,2,"C","NCTL",3,2,12.017,10.185,1,0.803701255783212,"sinner j.","wawrinka s.",1567.43795687885,1500,555
"2022-wimbledon-1109","wimbledon",2022,"0:09:51",15,"Jannik Sinner","Stan Wawrinka",113,1,2,2,"W","CTL",1,2,7.903,6.742,0,0.955981493721084,"sinner j.","wawrinka s.",1567.43795687885,1500,591
"2022-wimbledon-1109","wimbledon",2022,"0:10:09",16,"Jannik Sinner","Stan Wawrinka",84,2,2,1,"BW","NCTL",4,2,10.597,11.62,0,0.710641110376735,"sinner j.","wawrinka s.",1567.43795687885,1500,609
"2022-wimbledon-1109","wimbledon",2022,"0:10:45",17,"Jannik Sinner","Stan Wawrinka",105,2,2,1,"BW","NCTL",4,2,14.684,10.653,0,0.888301387970919,"sinner j.","wawrinka s.",1567.43795687885,1500,645
"2022-wimbledon-1109","wimbledon",2022,"0:11:19",18,"Jannik Sinner","Stan Wawrinka",92,2,2,2,"BW","NCTL",3,2,13.617,9.941,1,0.7783212161269,"sinner j.","wawrinka s.",1567.43795687885,1500,679
"2022-wimbledon-1109","wimbledon",2022,"0:11:54",19,"Jannik Sinner","Stan Wawrinka",130,1,2,2,"C","NCTL",1,2,1.049,0.701,0,1.09980171844019,"sinner j.","wawrinka s.",1567.43795687885,1500,714
"2022-wimbledon-1109","wimbledon",2022,"0:12:16",20,"Jannik Sinner","Stan Wawrinka",95,2,2,2,"W","CTL",1,2,4.893,4.276,1,0.803701255783212,"sinner j.","wawrinka s.",1567.43795687885,1500,736
"2022-wimbledon-1109","wimbledon",2022,"0:13:01",21,"Jannik Sinner","Stan Wawrinka",123,1,1,2,"B","NCTL",12,3,38.019,39.729,0,1.0468085106383,"sinner j.","wawrinka s.",1567.43795687885,1500,781
"2022-wimbledon-1109","wimbledon",2022,"0:13:47",22,"Jannik Sinner","Stan Wawrinka",118,1,1,1,"C","NCTL",1,3,1.142,0.574,1,1.00425531914894,"sinner j.","wawrinka s.",1567.43795687885,1500,827
"2022-wimbledon-1109","wimbledon",2022,"0:14:13",23,"Jannik Sinner","Stan Wawrinka",118,1,1,1,"W","NCTL",1,3,4.645,2.559,1,1.00425531914894,"sinner j.","wawrinka s.",1567.43795687885,1500,853
"2022-wimbledon-1109","wimbledon",2022,"0:14:40",24,"Jannik Sinner","Stan Wawrinka",99,2,1,1,"B","NCTL",3,3,7.94,8.007,0,0.842553191489362,"sinner j.","wawrinka s.",1567.43795687885,1500,880
"2022-wimbledon-1109","wimbledon",2022,"0:15:20",25,"Jannik Sinner","Stan Wawrinka",101,2,1,1,"C","NCTL",1,3,1.325,0.535,0,0.859574468085106,"sinner j.","wawrinka s.",1567.43795687885,1500,920
"2022-wimbledon-1109","wimbledon",2022,"0:16:59",26,"Jannik Sinner","Stan Wawrinka",101,2,2,2,"B","NCTL",9,4,29.433,28.42,1,0.854461335095836,"sinner j.","wawrinka s.",1567.43795687885,1500,1019
"2022-wimbledon-1109","wimbledon",2022,"0:17:39",27,"Jannik Sinner","Stan Wawrinka",120,1,2,2,"W","CTL",1,4,0.459,1.33,0,1.01520158625248,"sinner j.","wawrinka s.",1567.43795687885,1500,1059
"2022-wimbledon-1109","wimbledon",2022,"0:17:56",28,"Jannik Sinner","Stan Wawrinka",123,1,2,2,"C","NCTL",3,4,19.979,14.376,0,1.04058162590879,"sinner j.","wawrinka s.",1567.43795687885,1500,1076
"2022-wimbledon-1109","wimbledon",2022,"0:18:20",29,"Jannik Sinner","Stan Wawrinka",101,2,2,1,"W","NCTL",6,4,16.841,20.93,0,0.854461335095836,"sinner j.","wawrinka s.",1567.43795687885,1500,1100
"2022-wimbledon-1109","wimbledon",2022,"0:18:57",30,"Jannik Sinner","Stan Wawrinka",110,1,2,2,"W","CTL",1,4,5.735,3.904,0,0.930601454064772,"sinner j.","wawrinka s.",1567.43795687885,1500,1137
"2022-wimbledon-1109","wimbledon",2022,"0:19:29",31,"Jannik Sinner","Stan Wawrinka",115,1,1,2,"BC","NCTL",4,5,10.103,9.888,0,0.978723404255319,"sinner j.","wawrinka s.",1567.43795687885,1500,1169
"2022-wimbledon-1109","wimbledon",2022,"0:19:59",32,"Jannik Sinner","Stan Wawrinka",93,2,1,1,"B","NCTL",1,5,2.322,2.69,0,0.791489361702128,"sinner j.","wawrinka s.",1567.43795687885,1500,1199
"2022-wimbledon-1109","wimbledon",2022,"0:20:36",33,"Jannik Sinner","Stan Wawrinka",105,2,1,1,"BW","NCTL",7,5,15.894,20.118,0,0.893617021276596,"sinner j.","wawrinka s.",1567.43795687885,1500,1236
"2022-wimbledon-1109","wimbledon",2022,"0:21:21",34,"Jannik Sinner","Stan Wawrinka",118,1,1,1,"C","NCTL",3,5,11.226,11.467,1,1.00425531914894,"sinner j.","wawrinka s.",1567.43795687885,1500,1281
"2022-wimbledon-1109","wimbledon",2022,"0:21:49",35,"Jannik Sinner","Stan Wawrinka",99,2,1,1,"BW","NCTL",5,5,18.718,23.913,0,0.842553191489362,"sinner j.","wawrinka s.",1567.43795687885,1500,1309
"2022-wimbledon-1109","wimbledon",2022,"0:23:49",36,"Jannik Sinner","Stan Wawrinka",104,2,2,2,"BW","NCTL",1,6,4.577,3.744,1,0.879841374752148,"sinner j.","wawrinka s.",1567.43795687885,1500,1429
"2022-wimbledon-1109","wimbledon",2022,"0:24:15",37,"Jannik Sinner","Stan Wawrinka",98,2,2,2,"W","CTL",3,6,11.134,11.366,1,0.829081295439524,"sinner j.","wawrinka s.",1567.43795687885,1500,1455
"2022-wimbledon-1109","wimbledon",2022,"0:24:48",38,"Jannik Sinner","Stan Wawrinka",108,2,2,2,"BW","NCTL",7,6,23.942,24.664,1,0.913681427627231,"sinner j.","wawrinka s.",1567.43795687885,1500,1488
"2022-wimbledon-1109","wimbledon",2022,"0:25:25",39,"Jannik Sinner","Stan Wawrinka",106,2,2,2,"BC","NCTL",1,6,3.859,3.755,1,0.896761401189689,"sinner j.","wawrinka s.",1567.43795687885,1500,1525
"2022-wimbledon-1109","wimbledon",2022,"0:26:20",40,"Jannik Sinner","Stan Wawrinka",102,2,1,2,"BC","NCTL",12,7,55.566,46.9,1,0.868085106382979,"sinner j.","wawrinka s.",1567.43795687885,1500,1580
"2022-wimbledon-1109","wimbledon",2022,"0:27:25",41,"Jannik Sinner","Stan Wawrinka",94,2,1,1,"B","NCTL",5,7,13.158,17.49,0,0.8,"sinner j.","wawrinka s.",1567.43795687885,1500,1645
"2022-wimbledon-1109","wimbledon",2022,"0:28:09",42,"Jannik Sinner","Stan Wawrinka",118,1,1,1,"W","NCTL",1,7,4.306,4.646,1,1.00425531914894,"sinner j.","wawrinka s.",1567.43795687885,1500,1689
"2022-wimbledon-1109","wimbledon",2022,"0:28:33",43,"Jannik Sinner","Stan Wawrinka",124,1,1,1,"B","NCTL",5,7,18.319,17.919,1,1.05531914893617,"sinner j.","wawrinka s.",1567.43795687885,1500,1713
"2022-wimbledon-1109","wimbledon",2022,"0:29:08",44,"Jannik Sinner","Stan Wawrinka",116,1,1,1,"W","CTL",1,7,0.921,0.684,1,0.987234042553191,"sinner j.","wawrinka s.",1567.43795687885,1500,1748
"2022-wimbledon-1109","wimbledon",2022,"0:30:47",45,"Jannik Sinner","Stan Wawrinka",102,2,2,1,"BW","NCTL",4,8,15.564,13.968,0,0.862921348314607,"sinner j.","wawrinka s.",1567.43795687885,1500,1847
"2022-wimbledon-1109","wimbledon",2022,"0:31:21",46,"Jannik Sinner","Stan Wawrinka",125,1,2,2,"C","NCTL",1,8,0.507,0.736,0,1.05750165234633,"sinner j.","wawrinka s.",1567.43795687885,1500,1881
"2022-wimbledon-1109","wimbledon",2022,"0:31:40",47,"Jannik Sinner","Stan Wawrinka",111,2,2,2,"C","NCTL",7,8,26.742,22.135,1,0.939061467283543,"sinner j.","wawrinka s.",1567.43795687885,1500,1900
"2022-wimbledon-1109","wimbledon",2022,"0:32:23",48,"Jannik Sinner","Stan Wawrinka",96,2,2,2,"BW","NCTL",3,8,12.537,10.21,1,0.812161269001983,"sinner j.","wawrinka s.",1567.43795687885,1500,1943
"2022-wimbledon-1109","wimbledon",2022,"0:32:58",49,"Jannik Sinner","Stan Wawrinka",107,2,2,1,"B","NCTL",2,8,6.264,6.735,0,0.90522141440846,"sinner j.","wawrinka s.",1567.43795687885,1500,1978
"2022-wimbledon-1109","wimbledon",2022,"0:33:32",50,"Jannik Sinner","Stan Wawrinka",99,2,2,1,"BC","NCTL",4,8,17.142,13.74,0,0.837541308658295,"sinner j.","wawrinka s.",1567.43795687885,1500,2012
"2022-wimbledon-1109","wimbledon",2022,"0:34:08",51,"Jannik Sinner","Stan Wawrinka",104,2,2,1,"C","NCTL",4,8,11.56,12.468,0,0.879841374752148,"sinner j.","wawrinka s.",1567.43795687885,1500,2048
"2022-wimbledon-1109","wimbledon",2022,"0:35:02",52,"Jannik Sinner","Stan Wawrinka",124,1,2,2,"C","CTL",1,8,4.502,2.341,0,1.04904163912756,"sinner j.","wawrinka s.",1567.43795687885,1500,2102
"2022-wimbledon-1109","wimbledon",2022,"0:35:23",53,"Jannik Sinner","Stan Wawrinka",107,2,2,1,"BW","NCTL",2,8,18.636,7.161,0,0.90522141440846,"sinner j.","wawrinka s.",1567.43795687885,1500,2123
"2022-wimbledon-1109","wimbledon",2022,"0:35:54",54,"Jannik Sinner","Stan Wawrinka",103,2,2,1,"B","NCTL",4,8,13.868,13.15,0,0.871381361533377,"sinner j.","wawrinka s.",1567.43795687885,1500,2154
"2022-wimbledon-1109","wimbledon",2022,"0:36:57",55,"Jannik Sinner","Stan Wawrinka",101,2,1,2,"B","NCTL",4,9,14.277,14.63,1,0.859574468085106,"sinner j.","wawrinka s.",1567.43795687885,1500,2217
"2022-wimbledon-1109","wimbledon",2022,"0:37:40",56,"Jannik Sinner","Stan Wawrinka",89,2,1,2,"B","NCTL",4,9,15.252,14.545,1,0.757446808510638,"sinner j.","wawrinka s.",1567.43795687885,1500,2260
"2022-wimbledon-1109","wimbledon",2022,"0:38:28",57,"Jannik Sinner","Stan Wawrinka",116,1,1,1,"W","CTL",7,9,27.126,33.252,1,0.987234042553191,"sinner j.","wawrinka s.",1567.43795687885,1500,2308
"2022-wimbledon-1109","wimbledon",2022,"0:39:07",58,"Jannik Sinner","Stan Wawrinka",119,1,1,1,"C","NCTL",1,9,18.208,11.732,1,1.01276595744681,"sinner j.","wawrinka s.",1567.43795687885,1500,2347
"2022-wimbledon-1109","wimbledon",2022,"0:39:36",59,"Jannik Sinner","Stan Wawrinka",101,2,1,2,"BC","NCTL",4,9,7.925,8.118,1,0.859574468085106,"sinner j.","wawrinka s.",1567.43795687885,1500,2376
"2022-wimbledon-1109","wimbledon",2022,"0:40:19",60,"Jannik Sinner","Stan Wawrinka",120,1,1,2,"W","NCTL",2,9,10.092,9.094,0,1.02127659574468,"sinner j.","wawrinka s.",1567.43795687885,1500,2419
"2022-wimbledon-1109","wimbledon",2022,"0:41:48",61,"Jannik Sinner","Stan Wawrinka",111,1,2,2,"BW","NCTL",1,10,4.43,3.365,0,0.939061467283543,"sinner j.","wawrinka s.",1567.43795687885,1500,2508
"2022-wimbledon-1109","wimbledon",2022,"0:42:03",62,"Jannik Sinner","Stan Wawrinka",121,1,2,1,"BW","NCTL",10,10,33.262,31.087,1,1.02366159947125,"sinner j.","wawrinka s.",1567.43795687885,1500,2523
"2022-wimbledon-1109","wimbledon",2022,"0:42:33",63,"Jannik Sinner","Stan Wawrinka",97,2,2,2,"B","NCTL",7,10,26.68,25.944,1,0.820621282220753,"sinner j.","wawrinka s.",1567.43795687885,1500,2553
"2022-wimbledon-1109","wimbledon",2022,"0:43:14",64,"Jannik Sinner","Stan Wawrinka",101,2,2,1,"B","NCTL",2,10,6.018,6.592,0,0.854461335095836,"sinner j.","wawrinka s.",1567.43795687885,1500,2594
"2022-wimbledon-1109","wimbledon",2022,"0:43:47",65,"Jannik Sinner","Stan Wawrinka",120,1,2,2,"B","NCTL",3,10,14.351,14.534,0,1.01520158625248,"sinner j.","wawrinka s.",1567.43795687885,1500,2627
"2022-wimbledon-1109","wimbledon",2022,"0:44:11",66,"Jannik Sinner","Stan Wawrinka",121,1,2,1,"C","NCTL",2,10,7.004,7.996,1,1.02366159947125,"sinner j.","wawrinka s.",1567.43795687885,1500,2651
"2022-wimbledon-1109","wimbledon",2022,"0:44:35",67,"Jannik Sinner","Stan Wawrinka",104,2,2,2,"BW","NCTL",1,10,4.502,4.073,1,0.879841374752148,"sinner j.","wawrinka s.",1567.43795687885,1500,2675
"2022-wimbledon-1109","wimbledon",2022,"0:45:01",68,"Jannik Sinner","Stan Wawrinka",121,1,2,2,"C","NCTL",1,10,0.873,0.713,0,1.02366159947125,"sinner j.","wawrinka s.",1567.43795687885,1500,2701
"2022-wimbledon-1109","wimbledon",2022,"0:45:35",69,"Jannik Sinner","Stan Wawrinka",124,1,1,1,"C","NCTL",1,11,4.388,4.816,1,1.05531914893617,"sinner j.","wawrinka s.",1567.43795687885,1500,2735
"2022-wimbledon-1109","wimbledon",2022,"0:46:00",70,"Jannik Sinner","Stan Wawrinka",93,2,1,1,"BW","NCTL",1,11,3.334,3.342,0,0.791489361702128,"sinner j.","wawrinka s.",1567.43795687885,1500,2760
"2022-wimbledon-1109","wimbledon",2022,"0:46:36",71,"Jannik Sinner","Stan Wawrinka",99,2,1,2,"BW","NCTL",4,11,9.714,11.602,1,0.842553191489362,"sinner j.","wawrinka s.",1567.43795687885,1500,2796
"2022-wimbledon-1109","wimbledon",2022,"0:47:21",72,"Jannik Sinner","Stan Wawrinka",119,1,1,1,"C","NCTL",5,11,11.113,12.104,1,1.01276595744681,"sinner j.","wawrinka s.",1567.43795687885,1500,2841
"2022-wimbledon-1109","wimbledon",2022,"0:47:48",73,"Jannik Sinner","Stan Wawrinka",113,1,1,2,"W","CTL",2,11,8.47,8.395,0,0.961702127659574,"sinner j.","wawrinka s.",1567.43795687885,1500,2868
"2022-wimbledon-1109","wimbledon",2022,"0:48:20",74,"Jannik Sinner","Stan Wawrinka",118,1,1,1,"BC","NCTL",5,11,24.76,20.036,1,1.00425531914894,"sinner j.","wawrinka s.",1567.43795687885,1500,2900
"2022-wimbledon-1109","wimbledon",2022,"0:49:58",75,"Jannik Sinner","Stan Wawrinka",117,1,2,2,"W","NCTL",3,12,14.333,11.927,0,0.989821546596167,"sinner j.","wawrinka s.",1567.43795687885,1500,2998
"2022-wimbledon-1109","wimbledon",2022,"0:50:24",76,"Jannik Sinner","Stan Wawrinka",103,2,2,1,"C","NCTL",20,12,54.232,53.179,0,0.871381361533377,"sinner j.","wawrinka s.",1567.43795687885,1500,3024
"2022-wimbledon-1109","wimbledon",2022,"0:51:18",77,"Jannik Sinner","Stan Wawrinka",115,1,2,1,"W","NCTL",2,12,12.585,8.397,1,0.972901520158625,"sinner j.","wawrinka s.",1567.43795687885,1500,3078
"2022-wimbledon-1109","wimbledon",2022,"0:51:42",78,"Jannik Sinner","Stan Wawrinka",123,1,2,2,"C","CTL",1,12,6.26,5.751,0,1.04058162590879,"sinner j.","wawrinka s.",1567.43795687885,1500,3102
"2022-wimbledon-1109","wimbledon",2022,"0:52:49",80,"Jannik Sinner","Stan Wawrinka",101,2,2,2,"BC","NCTL",1,12,3.657,3.247,1,0.854461335095836,"sinner j.","wawrinka s.",1567.43795687885,1500,3169
"2022-wimbledon-1109","wimbledon",2022,"0:53:25",81,"Jannik Sinner","Stan Wawrinka",129,1,2,1,"C","CTL",4,12,17.242,14.529,1,1.09134170522141,"sinner j.","wawrinka s.",1567.43795687885,1500,3205
"2022-wimbledon-1109","wimbledon",2022,"0:53:53",82,"Jannik Sinner","Stan Wawrinka",127,1,2,1,"W","CTL",2,12,9.184,9.498,1,1.07442167878387,"sinner j.","wawrinka s.",1567.43795687885,1500,3233
"2022-wimbledon-1109","wimbledon",2022,"0:56:03",83,"Jannik Sinner","Stan Wawrinka",101,2,1,2,"BC","NCTL",10,1,39.047,32.732,1,0.859574468085106,"sinner j.","wawrinka s.",1567.43795687885,1500,3363
"2022-wimbledon-1109","wimbledon",2022,"0:56:55",84,"Jannik Sinner","Stan Wawrinka",85,2,1,1,"BC","NCTL",1,1,10.654,7.77,0,0.723404255319149,"sinner j.","wawrinka s.",1567.43795687885,1500,3415
"2022-wimbledon-1109","wimbledon",2022,"0:58:13",86,"Jannik Sinner","Stan Wawrinka",116,1,1,1,"B","NCTL",3,1,12.034,12.509,1,0.987234042553191,"sinner j.","wawrinka s.",1567.43795687885,1500,3493
"2022-wimbledon-1109","wimbledon",2022,"0:58:41",87,"Jannik Sinner","Stan Wawrinka",112,1,1,2,"BW","NCTL",4,1,11.36,15.527,0,0.953191489361702,"sinner j.","wawrinka s.",1567.43795687885,1500,3521
"2022-wimbledon-1109","wimbledon",2022,"0:59:27",88,"Jannik Sinner","Stan Wawrinka",115,1,1,1,"W","CTL",1,1,0.967,0.641,1,0.978723404255319,"sinner j.","wawrinka s.",1567.43795687885,1500,3567
"2022-wimbledon-1109","wimbledon",2022,"0:59:54",89,"Jannik Sinner","Stan Wawrinka",111,1,1,2,"W","CTL",2,1,12.275,12.328,0,0.94468085106383,"sinner j.","wawrinka s.",1567.43795687885,1500,3594
"2022-wimbledon-1109","wimbledon",2022,"1:00:31",90,"Jannik Sinner","Stan Wawrinka",83,2,1,1,"BC","NCTL",5,1,14.398,19.003,0,0.706382978723404,"sinner j.","wawrinka s.",1567.43795687885,1500,3631
"2022-wimbledon-1109","wimbledon",2022,"1:01:15",91,"Jannik Sinner","Stan Wawrinka",93,2,1,1,"BC","NCTL",3,1,11.835,11.228,0,0.791489361702128,"sinner j.","wawrinka s.",1567.43795687885,1500,3675
"2022-wimbledon-1109","wimbledon",2022,"1:01:55",92,"Jannik Sinner","Stan Wawrinka",112,1,1,1,"B","NCTL",3,1,6.117,5.661,1,0.953191489361702,"sinner j.","wawrinka s.",1567.43795687885,1500,3715
"2022-wimbledon-1109","wimbledon",2022,"1:02:54",93,"Jannik Sinner","Stan Wawrinka",111,1,2,1,"W","CTL",2,2,7.625,5.702,1,0.939061467283543,"sinner j.","wawrinka s.",1567.43795687885,1500,3774
"2022-wimbledon-1109","wimbledon",2022,"1:03:12",94,"Jannik Sinner","Stan Wawrinka",99,2,2,1,"B","NCTL",6,2,23.317,24.162,0,0.837541308658295,"sinner j.","wawrinka s.",1567.43795687885,1500,3792
"2022-wimbledon-1109","wimbledon",2022,"1:03:48",95,"Jannik Sinner","Stan Wawrinka",100,2,2,1,"W","CTL",2,2,10.552,10.036,0,0.846001321877065,"sinner j.","wawrinka s.",1567.43795687885,1500,3828
"2022-wimbledon-1109","wimbledon",2022,"1:04:15",96,"Jannik Sinner","Stan Wawrinka",101,2,2,2,"C","NCTL",3,2,11.127,11.19,1,0.854461335095836,"sinner j.","wawrinka s.",1567.43795687885,1500,3855
"2022-wimbledon-1109","wimbledon",2022,"1:04:47",97,"Jannik Sinner","Stan Wawrinka",98,2,2,2,"BC","NCTL",5,2,16.738,16.155,1,0.829081295439524,"sinner j.","wawrinka s.",1567.43795687885,1500,3887
"2022-wimbledon-1109","wimbledon",2022,"1:05:20",98,"Jannik Sinner","Stan Wawrinka",130,1,2,2,"C","NCTL",5,2,18.674,16.435,0,1.09980171844019,"sinner j.","wawrinka s.",1567.43795687885,1500,3920
"2022-wimbledon-1109","wimbledon",2022,"1:05:59",99,"Jannik Sinner","Stan Wawrinka",116,1,2,1,"B","CTL",10,2,29.82,42.167,1,0.981361533377396,"sinner j.","wawrinka s.",1567.43795687885,1500,3959
"2022-wimbledon-1109","wimbledon",2022,"1:06:45",100,"Jannik Sinner","Stan Wawrinka",122,1,2,2,"C","NCTL",1,2,0.568,1.508,0,1.03212161269002,"sinner j.","wawrinka s.",1567.43795687885,1500,4005
"2022-wimbledon-1109","wimbledon",2022,"1:06:59",101,"Jannik Sinner","Stan Wawrinka",126,1,2,2,"C","NCTL",1,2,5.657,5.401,0,1.0659616655651,"sinner j.","wawrinka s.",1567.43795687885,1500,4019
"2022-wimbledon-1109","wimbledon",2022,"1:07:13",102,"Jannik Sinner","Stan Wawrinka",124,1,2,2,"C","NCTL",1,2,4.851,4.449,0,1.04904163912756,"sinner j.","wawrinka s.",1567.43795687885,1500,4033
"2022-wimbledon-1109","wimbledon",2022,"1:07:55",103,"Jannik Sinner","Stan Wawrinka",123,1,1,1,"C","NCTL",1,3,6.122,5.797,1,1.0468085106383,"sinner j.","wawrinka s.",1567.43795687885,1500,4075
"2022-wimbledon-1109","wimbledon",2022,"1:08:19",104,"Jannik Sinner","Stan Wawrinka",118,1,1,2,"C","NCTL",4,3,12.969,12.454,0,1.00425531914894,"sinner j.","wawrinka s.",1567.43795687885,1500,4099
"2022-wimbledon-1109","wimbledon",2022,"1:08:52",105,"Jannik Sinner","Stan Wawrinka",124,1,1,1,"C","CTL",1,3,1.174,0.928,1,1.05531914893617,"sinner j.","wawrinka s.",1567.43795687885,1500,4132
"2022-wimbledon-1109","wimbledon",2022,"1:09:31",106,"Jannik Sinner","Stan Wawrinka",123,1,1,2,"W","CTL",10,3,43.12,43.155,0,1.0468085106383,"sinner j.","wawrinka s.",1567.43795687885,1500,4171
"2022-wimbledon-1109","wimbledon",2022,"1:10:18",107,"Jannik Sinner","Stan Wawrinka",128,1,1,1,"C","NCTL",3,3,14.012,9.752,1,1.08936170212766,"sinner j.","wawrinka s.",1567.43795687885,1500,4218
"2022-wimbledon-1109","wimbledon",2022,"1:10:49",108,"Jannik Sinner","Stan Wawrinka",94,2,1,2,"BW","NCTL",4,3,12.446,12.087,1,0.8,"sinner j.","wawrinka s.",1567.43795687885,1500,4249
"2022-wimbledon-1109","wimbledon",2022,"1:12:18",110,"Jannik Sinner","Stan Wawrinka",118,1,1,1,"C","NCTL",1,3,4.762,5.918,1,1.00425531914894,"sinner j.","wawrinka s.",1567.43795687885,1500,4338
"2022-wimbledon-1109","wimbledon",2022,"1:12:45",111,"Jannik Sinner","Stan Wawrinka",120,1,1,2,"B","CTL",2,3,5.843,8.279,0,1.02127659574468,"sinner j.","wawrinka s.",1567.43795687885,1500,4365
"2022-wimbledon-1109","wimbledon",2022,"1:13:16",112,"Jannik Sinner","Stan Wawrinka",119,1,1,2,"BC","NCTL",2,3,9.9,8.42,0,1.01276595744681,"sinner j.","wawrinka s.",1567.43795687885,1500,4396
"2022-wimbledon-1109","wimbledon",2022,"1:14:53",113,"Jannik Sinner","Stan Wawrinka",98,2,2,2,"C","NCTL",1,4,5.752,5.303,1,0.829081295439524,"sinner j.","wawrinka s.",1567.43795687885,1500,4493
"2022-wimbledon-1109","wimbledon",2022,"1:15:16",114,"Jannik Sinner","Stan Wawrinka",105,2,2,1,"C","NCTL",2,4,7.322,6.478,0,0.888301387970919,"sinner j.","wawrinka s.",1567.43795687885,1500,4516
"2022-wimbledon-1109","wimbledon",2022,"1:15:51",115,"Jannik Sinner","Stan Wawrinka",115,1,2,2,"B","NCTL",3,4,9.763,16.18,0,0.972901520158625,"sinner j.","wawrinka s.",1567.43795687885,1500,4551
"2022-wimbledon-1109","wimbledon",2022,"1:16:15",116,"Jannik Sinner","Stan Wawrinka",104,2,2,1,"C","CTL",2,4,7.751,9.224,0,0.879841374752148,"sinner j.","wawrinka s.",1567.43795687885,1500,4575
"2022-wimbledon-1109","wimbledon",2022,"1:16:46",117,"Jannik Sinner","Stan Wawrinka",95,2,2,1,"BC","NCTL",4,4,15.039,14.203,0,0.803701255783212,"sinner j.","wawrinka s.",1567.43795687885,1500,4606
"2022-wimbledon-1109","wimbledon",2022,"1:17:23",118,"Jannik Sinner","Stan Wawrinka",94,2,2,2,"BW","NCTL",1,4,6.067,6.741,1,0.795241242564442,"sinner j.","wawrinka s.",1567.43795687885,1500,4643
"2022-wimbledon-1109","wimbledon",2022,"1:17:58",119,"Jannik Sinner","Stan Wawrinka",105,2,2,2,"W","NCTL",1,4,3.296,2.79,1,0.888301387970919,"sinner j.","wawrinka s.",1567.43795687885,1500,4678
"2022-wimbledon-1109","wimbledon",2022,"1:18:30",120,"Jannik Sinner","Stan Wawrinka",91,2,2,2,"W","NCTL",3,4,17.255,10.745,1,0.76986120290813,"sinner j.","wawrinka s.",1567.43795687885,1500,4710
"2022-wimbledon-1109","wimbledon",2022,"1:19:33",121,"Jannik Sinner","Stan Wawrinka",118,1,1,1,"B","NCTL",3,5,11.219,13.219,1,1.00425531914894,"sinner j.","wawrinka s.",1567.43795687885,1500,4773
"2022-wimbledon-1109","wimbledon",2022,"1:19:58",122,"Jannik Sinner","Stan Wawrinka",90,2,1,1,"B","NCTL",7,5,23.673,27.046,0,0.765957446808511,"sinner j.","wawrinka s.",1567.43795687885,1500,4798
"2022-wimbledon-1109","wimbledon",2022,"1:20:44",123,"Jannik Sinner","Stan Wawrinka",109,1,1,1,"W","CTL",1,5,0.827,0.562,1,0.927659574468085,"sinner j.","wawrinka s.",1567.43795687885,1500,4844
"2022-wimbledon-1109","wimbledon",2022,"1:21:08",124,"Jannik Sinner","Stan Wawrinka",116,1,1,1,"B","CTL",7,5,33.865,45.987,1,0.987234042553191,"sinner j.","wawrinka s.",1567.43795687885,1500,4868
"2022-wimbledon-1109","wimbledon",2022,"1:22:52",125,"Jannik Sinner","Stan Wawrinka",111,1,2,1,"W","CTL",2,6,4.947,3.512,1,0.939061467283543,"sinner j.","wawrinka s.",1567.43795687885,1500,4972
"2022-wimbledon-1109","wimbledon",2022,"1:23:08",126,"Jannik Sinner","Stan Wawrinka",91,2,2,2,"BW","NCTL",1,6,4.796,3.968,1,0.76986120290813,"sinner j.","wawrinka s.",1567.43795687885,1500,4988
"2022-wimbledon-1109","wimbledon",2022,"1:23:40",127,"Jannik Sinner","Stan Wawrinka",129,1,2,2,"C","NCTL",1,6,3.444,2.565,0,1.09134170522141,"sinner j.","wawrinka s.",1567.43795687885,1500,5020
"2022-wimbledon-1109","wimbledon",2022,"1:24:40",128,"Jannik Sinner","Stan Wawrinka",129,1,2,2,"C","CTL",5,6,32.616,49.806,0,1.09134170522141,"sinner j.","wawrinka s.",1567.43795687885,1500,5080
"2022-wimbledon-1109","wimbledon",2022,"1:25:15",129,"Jannik Sinner","Stan Wawrinka",104,2,2,2,"B","NCTL",3,6,14.43,15.93,1,0.879841374752148,"sinner j.","wawrinka s.",1567.43795687885,1500,5115
"2022-wimbledon-1109","wimbledon",2022,"1:26:06",130,"Jannik Sinner","Stan Wawrinka",109,1,1,1,"BW","NCTL",5,7,11.134,12.647,1,0.927659574468085,"sinner j.","wawrinka s.",1567.43795687885,1500,5166
"2022-wimbledon-1109","wimbledon",2022,"1:26:39",131,"Jannik Sinner","Stan Wawrinka",115,1,1,1,"BW","NCTL",1,7,2.605,2.658,1,0.978723404255319,"sinner j.","wawrinka s.",1567.43795687885,1500,5199
"2022-wimbledon-1109","wimbledon",2022,"1:27:03",132,"Jannik Sinner","Stan Wawrinka",110,1,1,1,"W","NCTL",3,7,17.102,11.606,1,0.936170212765957,"sinner j.","wawrinka s.",1567.43795687885,1500,5223
"2022-wimbledon-1109","wimbledon",2022,"1:27:32",133,"Jannik Sinner","Stan Wawrinka",120,1,1,1,"B","NCTL",3,7,10.366,10.794,1,1.02127659574468,"sinner j.","wawrinka s.",1567.43795687885,1500,5252
"2022-wimbledon-1109","wimbledon",2022,"1:29:03",134,"Jannik Sinner","Stan Wawrinka",126,1,2,2,"C","NCTL",1,8,4.977,3.671,0,1.0659616655651,"sinner j.","wawrinka s.",1567.43795687885,1500,5343
"2022-wimbledon-1109","wimbledon",2022,"1:29:49",135,"Jannik Sinner","Stan Wawrinka",108,2,2,1,"B","CTL",8,8,27.102,26.516,0,0.913681427627231,"sinner j.","wawrinka s.",1567.43795687885,1500,5389
"2022-wimbledon-1109","wimbledon",2022,"1:30:27",136,"Jannik Sinner","Stan Wawrinka",114,1,2,2,"BW","NCTL",1,8,4.799,3.772,0,0.964441506939855,"sinner j.","wawrinka s.",1567.43795687885,1500,5427
"2022-wimbledon-1109","wimbledon",2022,"1:30:45",137,"Jannik Sinner","Stan Wawrinka",103,2,2,2,"B","NCTL",1,8,5.031,3.33,1,0.871381361533377,"sinner j.","wawrinka s.",1567.43795687885,1500,5445
"2022-wimbledon-1109","wimbledon",2022,"1:31:14",138,"Jannik Sinner","Stan Wawrinka",113,1,2,2,"W","CTL",1,8,6.392,4.545,0,0.955981493721084,"sinner j.","wawrinka s.",1567.43795687885,1500,5474
"2022-wimbledon-1109","wimbledon",2022,"1:31:48",139,"Jannik Sinner","Stan Wawrinka",112,1,1,1,"BC","CTL",7,9,25.879,24.092,1,0.953191489361702,"sinner j.","wawrinka s.",1567.43795687885,1500,5508
"2022-wimbledon-1109","wimbledon",2022,"1:32:25",140,"Jannik Sinner","Stan Wawrinka",117,1,1,1,"B","CTL",5,9,17.777,15.099,1,0.995744680851064,"sinner j.","wawrinka s.",1567.43795687885,1500,5545
"2022-wimbledon-1109","wimbledon",2022,"1:32:58",141,"Jannik Sinner","Stan Wawrinka",112,2,1,2,"BW","CTL",6,9,24.473,23.876,1,0.953191489361702,"sinner j.","wawrinka s.",1567.43795687885,1500,5578
"2022-wimbledon-1109","wimbledon",2022,"1:34:07",142,"Jannik Sinner","Stan Wawrinka",89,2,1,1,"BW","NCTL",1,9,5.687,13.4,0,0.757446808510638,"sinner j.","wawrinka s.",1567.43795687885,1500,5647
"2022-wimbledon-1109","wimbledon",2022,"1:34:42",143,"Jannik Sinner","Stan Wawrinka",108,1,1,1,"W","CTL",1,9,5.78,5.468,1,0.919148936170213,"sinner j.","wawrinka s.",1567.43795687885,1500,5682
"2022-wimbledon-1109","wimbledon",2022,"1:36:19",144,"Jannik Sinner","Stan Wawrinka",122,1,2,2,"C","CTL",3,10,8.093,10.425,0,1.03212161269002,"sinner j.","wawrinka s.",1567.43795687885,1500,5779
"2022-wimbledon-1109","wimbledon",2022,"1:36:44",145,"Jannik Sinner","Stan Wawrinka",123,1,2,2,"W","CTL",1,10,10.083,6.663,0,1.04058162590879,"sinner j.","wawrinka s.",1567.43795687885,1500,5804
"2022-wimbledon-1109","wimbledon",2022,"1:37:09",146,"Jannik Sinner","Stan Wawrinka",126,1,2,2,"C","NCTL",3,10,6.205,5.013,0,1.0659616655651,"sinner j.","wawrinka s.",1567.43795687885,1500,5829
"2022-wimbledon-1109","wimbledon",2022,"1:37:33",147,"Jannik Sinner","Stan Wawrinka",101,2,2,2,"B","NCTL",13,10,60.112,41.838,1,0.854461335095836,"sinner j.","wawrinka s.",1567.43795687885,1500,5853
"2022-wimbledon-1109","wimbledon",2022,"1:41:23",148,"Jannik Sinner","Stan Wawrinka",126,1,1,1,"C","CTL",1,1,1.162,0.595,1,1.07234042553191,"sinner j.","wawrinka s.",1567.43795687885,1500,6083
"2022-wimbledon-1109","wimbledon",2022,"1:41:47",149,"Jannik Sinner","Stan Wawrinka",119,1,1,1,"BC","CTL",3,1,13.451,8.216,1,1.01276595744681,"sinner j.","wawrinka s.",1567.43795687885,1500,6107
"2022-wimbledon-1109","wimbledon",2022,"1:42:20",150,"Jannik Sinner","Stan Wawrinka",114,1,1,1,"W","NCTL",1,1,7.49,7.132,1,0.970212765957447,"sinner j.","wawrinka s.",1567.43795687885,1500,6140
"2022-wimbledon-1109","wimbledon",2022,"1:42:42",151,"Jannik Sinner","Stan Wawrinka",121,1,1,2,"BW","CTL",2,1,7.502,7.738,0,1.02978723404255,"sinner j.","wawrinka s.",1567.43795687885,1500,6162
"2022-wimbledon-1109","wimbledon",2022,"1:43:10",152,"Jannik Sinner","Stan Wawrinka",118,1,1,2,"B","NCTL",2,1,8.499,6.404,0,1.00425531914894,"sinner j.","wawrinka s.",1567.43795687885,1500,6190
"2022-wimbledon-1109","wimbledon",2022,"1:43:41",153,"Jannik Sinner","Stan Wawrinka",88,2,1,1,"B","NCTL",5,1,16.008,16.335,0,0.748936170212766,"sinner j.","wawrinka s.",1567.43795687885,1500,6221
"2022-wimbledon-1109","wimbledon",2022,"1:44:45",154,"Jannik Sinner","Stan Wawrinka",124,1,2,2,"C","CTL",3,2,14.094,13.795,0,1.04904163912756,"sinner j.","wawrinka s.",1567.43795687885,1500,6285
"2022-wimbledon-1109","wimbledon",2022,"1:45:37",155,"Jannik Sinner","Stan Wawrinka",95,2,2,2,"BW","NCTL",3,2,8.615,6.827,1,0.803701255783212,"sinner j.","wawrinka s.",1567.43795687885,1500,6337
"2022-wimbledon-1109","wimbledon",2022,"1:46:08",156,"Jannik Sinner","Stan Wawrinka",91,2,2,1,"B","NCTL",2,2,9.824,7.771,0,0.76986120290813,"sinner j.","wawrinka s.",1567.43795687885,1500,6368
"2022-wimbledon-1109","wimbledon",2022,"1:46:39",157,"Jannik Sinner","Stan Wawrinka",73,2,2,2,"B","NCTL",5,2,15.898,15.775,1,0.617580964970258,"sinner j.","wawrinka s.",1567.43795687885,1500,6399
"2022-wimbledon-1109","wimbledon",2022,"1:47:17",158,"Jannik Sinner","Stan Wawrinka",107,1,2,2,"","",1,2,1.143,0.916,0,0.90522141440846,"sinner j.","wawrinka s.",1567.43795687885,1500,6437
"2022-wimbledon-1109","wimbledon",2022,"1:47:50",159,"Jannik Sinner","Stan Wawrinka",114,1,1,1,"W","CTL",5,3,12.981,17.02,1,0.970212765957447,"sinner j.","wawrinka s.",1567.43795687885,1500,6470
"2022-wimbledon-1109","wimbledon",2022,"1:48:38",160,"Jannik Sinner","Stan Wawrinka",107,1,1,2,"B","NCTL",2,3,5.821,5.74,0,0.91063829787234,"sinner j.","wawrinka s.",1567.43795687885,1500,6518
"2022-wimbledon-1109","wimbledon",2022,"1:49:10",161,"Jannik Sinner","Stan Wawrinka",111,1,1,1,"W","CTL",1,3,1.088,0.732,1,0.94468085106383,"sinner j.","wawrinka s.",1567.43795687885,1500,6550
"2022-wimbledon-1109","wimbledon",2022,"1:49:42",162,"Jannik Sinner","Stan Wawrinka",112,1,1,1,"B","NCTL",1,3,5.372,5.902,1,0.953191489361702,"sinner j.","wawrinka s.",1567.43795687885,1500,6582
"2022-wimbledon-1109","wimbledon",2022,"1:50:05",163,"Jannik Sinner","Stan Wawrinka",93,2,1,2,"BW","NCTL",2,3,9.529,12.969,1,0.791489361702128,"sinner j.","wawrinka s.",1567.43795687885,1500,6605
"2022-wimbledon-1109","wimbledon",2022,"1:50:48",164,"Jannik Sinner","Stan Wawrinka",118,1,1,1,"C","NCTL",1,3,4.335,5.341,1,1.00425531914894,"sinner j.","wawrinka s.",1567.43795687885,1500,6648
"2022-wimbledon-1109","wimbledon",2022,"1:52:21",165,"Jannik Sinner","Stan Wawrinka",96,2,2,1,"BC","NCTL",4,4,11.879,11.346,0,0.812161269001983,"sinner j.","wawrinka s.",1567.43795687885,1500,6741
"2022-wimbledon-1109","wimbledon",2022,"1:52:49",166,"Jannik Sinner","Stan Wawrinka",121,1,2,2,"W","CTL",1,4,0.978,1.128,0,1.02366159947125,"sinner j.","wawrinka s.",1567.43795687885,1500,6769
"2022-wimbledon-1109","wimbledon",2022,"1:53:40",168,"Jannik Sinner","Stan Wawrinka",99,2,2,2,"C","NCTL",1,4,4.253,3.663,1,0.837541308658295,"sinner j.","wawrinka s.",1567.43795687885,1500,6820
"2022-wimbledon-1109","wimbledon",2022,"1:54:45",170,"Jannik Sinner","Stan Wawrinka",125,1,2,2,"W","CTL",1,4,0.716,0.83,0,1.05750165234633,"sinner j.","wawrinka s.",1567.43795687885,1500,6885
"2022-wimbledon-1109","wimbledon",2022,"1:55:07",171,"Jannik Sinner","Stan Wawrinka",130,1,2,2,"C","NCTL",1,4,1.153,1.164,0,1.09980171844019,"sinner j.","wawrinka s.",1567.43795687885,1500,6907
"2022-wimbledon-1109","wimbledon",2022,"1:55:28",172,"Jannik Sinner","Stan Wawrinka",93,2,2,1,"BW","NCTL",2,4,3.557,2.592,0,0.786781229345671,"sinner j.","wawrinka s.",1567.43795687885,1500,6928
"2022-wimbledon-1109","wimbledon",2022,"1:56:02",173,"Jannik Sinner","Stan Wawrinka",114,1,2,1,"W","CTL",4,4,16.126,15.693,1,0.964441506939855,"sinner j.","wawrinka s.",1567.43795687885,1500,6962
"2022-wimbledon-1109","wimbledon",2022,"1:56:32",174,"Jannik Sinner","Stan Wawrinka",88,2,2,1,"BW","NCTL",2,4,8.229,7.779,0,0.744481163251818,"sinner j.","wawrinka s.",1567.43795687885,1500,6992
"2022-wimbledon-1109","wimbledon",2022,"1:57:22",175,"Jannik Sinner","Stan Wawrinka",94,2,1,2,"C","NCTL",8,5,31.754,27.816,1,0.8,"sinner j.","wawrinka s.",1567.43795687885,1500,7042
"2022-wimbledon-1109","wimbledon",2022,"1:58:13",176,"Jannik Sinner","Stan Wawrinka",89,2,1,2,"B","NCTL",2,5,7.606,6.733,1,0.757446808510638,"sinner j.","wawrinka s.",1567.43795687885,1500,7093
"2022-wimbledon-1109","wimbledon",2022,"1:58:58",177,"Jannik Sinner","Stan Wawrinka",125,1,1,1,"C","CTL",1,5,13.848,9.222,1,1.06382978723404,"sinner j.","wawrinka s.",1567.43795687885,1500,7138
"2022-wimbledon-1109","wimbledon",2022,"1:59:53",178,"Jannik Sinner","Stan Wawrinka",93,2,1,1,"B","NCTL",1,5,4.969,2.876,0,0.791489361702128,"sinner j.","wawrinka s.",1567.43795687885,1500,7193
"2022-wimbledon-1109","wimbledon",2022,"2:00:31",179,"Jannik Sinner","Stan Wawrinka",127,1,1,1,"C","NCTL",1,5,0.629,1.449,1,1.08085106382979,"sinner j.","wawrinka s.",1567.43795687885,1500,7231
"2022-wimbledon-1109","wimbledon",2022,"2:00:58",180,"Jannik Sinner","Stan Wawrinka",121,1,1,1,"C","NCTL",1,5,4.165,5.749,1,1.02978723404255,"sinner j.","wawrinka s.",1567.43795687885,1500,7258
"2022-wimbledon-1109","wimbledon",2022,"2:02:23",181,"Jannik Sinner","Stan Wawrinka",107,1,2,2,"W","CTL",1,6,4.579,2.584,0,0.90522141440846,"sinner j.","wawrinka s.",1567.43795687885,1500,7343
"2022-wimbledon-1109","wimbledon",2022,"2:02:37",182,"Jannik Sinner","Stan Wawrinka",94,2,2,2,"W","CTL",1,6,0.928,0.933,1,0.795241242564442,"sinner j.","wawrinka s.",1567.43795687885,1500,7357
"2022-wimbledon-1109","wimbledon",2022,"2:03:02",183,"Jannik Sinner","Stan Wawrinka",112,1,2,1,"W","CTL",4,6,20.59,12.42,1,0.947521480502313,"sinner j.","wawrinka s.",1567.43795687885,1500,7382
"2022-wimbledon-1109","wimbledon",2022,"2:03:25",184,"Jannik Sinner","Stan Wawrinka",90,2,2,2,"W","CTL",3,6,15.97,11.361,1,0.761401189689359,"sinner j.","wawrinka s.",1567.43795687885,1500,7405
"2022-wimbledon-1109","wimbledon",2022,"2:03:56",185,"Jannik Sinner","Stan Wawrinka",95,2,2,2,"C","NCTL",5,6,15.882,12.41,1,0.803701255783212,"sinner j.","wawrinka s.",1567.43795687885,1500,7436
"2022-wimbledon-1109","wimbledon",2022,"2:04:44",186,"Jannik Sinner","Stan Wawrinka",97,2,1,1,"W","NCTL",1,7,4.475,5.571,0,0.825531914893617,"sinner j.","wawrinka s.",1567.43795687885,1500,7484
"2022-wimbledon-1109","wimbledon",2022,"2:05:38",187,"Jannik Sinner","Stan Wawrinka",114,1,1,1,"W","CTL",1,7,1.051,0.45,1,0.970212765957447,"sinner j.","wawrinka s.",1567.43795687885,1500,7538
"2022-wimbledon-1109","wimbledon",2022,"2:06:00",188,"Jannik Sinner","Stan Wawrinka",114,1,1,1,"W","NCTL",1,7,4.302,4.071,1,0.970212765957447,"sinner j.","wawrinka s.",1567.43795687885,1500,7560
"2022-wimbledon-1109","wimbledon",2022,"2:06:21",189,"Jannik Sinner","Stan Wawrinka",114,1,1,1,"C","NCTL",3,7,6.435,8.577,1,0.970212765957447,"sinner j.","wawrinka s.",1567.43795687885,1500,7581
"2022-wimbledon-1109","wimbledon",2022,"2:07:46",190,"Jannik Sinner","Stan Wawrinka",116,1,2,1,"C","NCTL",2,8,6.87,6.096,1,0.981361533377396,"sinner j.","wawrinka s.",1567.43795687885,1500,7666
"2022-wimbledon-1109","wimbledon",2022,"2:08:03",191,"Jannik Sinner","Stan Wawrinka",116,1,2,1,"C","NCTL",2,8,6.914,6.239,1,0.981361533377396,"sinner j.","wawrinka s.",1567.43795687885,1500,7683
"2022-wimbledon-1109","wimbledon",2022,"2:08:25",192,"Jannik Sinner","Stan Wawrinka",120,1,2,2,"BC","CTL",3,8,7.951,6.911,0,1.01520158625248,"sinner j.","wawrinka s.",1567.43795687885,1500,7705
"2022-wimbledon-1109","wimbledon",2022,"2:08:48",193,"Jannik Sinner","Stan Wawrinka",115,1,2,2,"C","NCTL",1,8,0.671,1.315,0,0.972901520158625,"sinner j.","wawrinka s.",1567.43795687885,1500,7728
"2022-wimbledon-1109","wimbledon",2022,"2:09:08",194,"Jannik Sinner","Stan Wawrinka",123,1,2,2,"C","NCTL",3,8,11.411,8.665,0,1.04058162590879,"sinner j.","wawrinka s.",1567.43795687885,1500,7748
"2022-wimbledon-1109","wimbledon",2022,"2:09:29",195,"Jannik Sinner","Stan Wawrinka",116,1,2,1,"C","NCTL",2,8,7.669,4.927,1,0.981361533377396,"sinner j.","wawrinka s.",1567.43795687885,1500,7769
"2022-wimbledon-1109","wimbledon",2022,"2:09:54",196,"Jannik Sinner","Stan Wawrinka",108,1,2,2,"W","CTL",5,8,22.477,21.17,0,0.913681427627231,"sinner j.","wawrinka s.",1567.43795687885,1500,7794
"2022-wimbledon-1109","wimbledon",2022,"2:10:20",197,"Jannik Sinner","Stan Wawrinka",112,1,2,2,"C","NCTL",1,8,4.59,2.54,0,0.947521480502313,"sinner j.","wawrinka s.",1567.43795687885,1500,7820
"2022-wimbledon-1109","wimbledon",2022,"2:10:53",198,"Jannik Sinner","Stan Wawrinka",123,1,1,1,"B","NCTL",9,9,34.561,32.427,1,1.0468085106383,"sinner j.","wawrinka s.",1567.43795687885,1500,7853
"2022-wimbledon-1109","wimbledon",2022,"2:11:35",199,"Jannik Sinner","Stan Wawrinka",123,1,1,1,"BC","CTL",9,9,34.98,43.683,1,1.0468085106383,"sinner j.","wawrinka s.",1567.43795687885,1500,7895
"2022-wimbledon-1109","wimbledon",2022,"2:12:19",200,"Jannik Sinner","Stan Wawrinka",103,2,1,1,"BC","NCTL",3,9,9.637,12.097,0,0.876595744680851,"sinner j.","wawrinka s.",1567.43795687885,1500,7939
"2022-wimbledon-1109","wimbledon",2022,"2:12:58",201,"Jannik Sinner","Stan Wawrinka",117,1,1,1,"BW","NCTL",1,9,2.965,3.707,1,0.995744680851064,"sinner j.","wawrinka s.",1567.43795687885,1500,7978
"2022-wimbledon-1109","wimbledon",2022,"2:15:31",202,"Jannik Sinner","Stan Wawrinka",105,1,2,1,"W","NCTL",2,1,9.673,6.356,1,0.888301387970919,"sinner j.","wawrinka s.",1567.43795687885,1500,8131
"2022-wimbledon-1109","wimbledon",2022,"2:15:48",203,"Jannik Sinner","Stan Wawrinka",89,2,2,1,"BW","NCTL",6,1,21.61,17.786,0,0.752941176470588,"sinner j.","wawrinka s.",1567.43795687885,1500,8148
"2022-wimbledon-1109","wimbledon",2022,"2:16:22",204,"Jannik Sinner","Stan Wawrinka",118,1,2,2,"B","NCTL",3,1,12.838,10.799,0,0.998281559814937,"sinner j.","wawrinka s.",1567.43795687885,1500,8182
"2022-wimbledon-1109","wimbledon",2022,"2:16:45",205,"Jannik Sinner","Stan Wawrinka",126,1,2,2,"W","CTL",1,1,6.152,6.067,0,1.0659616655651,"sinner j.","wawrinka s.",1567.43795687885,1500,8205
"2022-wimbledon-1109","wimbledon",2022,"2:18:18",207,"Jannik Sinner","Stan Wawrinka",91,2,2,1,"BW","NCTL",2,1,10.577,11.388,0,0.76986120290813,"sinner j.","wawrinka s.",1567.43795687885,1500,8298
"2022-wimbledon-1109","wimbledon",2022,"2:19:18",208,"Jannik Sinner","Stan Wawrinka",117,1,1,1,"W","CTL",3,2,4.397,8.731,1,0.995744680851064,"sinner j.","wawrinka s.",1567.43795687885,1500,8358
"2022-wimbledon-1109","wimbledon",2022,"2:19:44",209,"Jannik Sinner","Stan Wawrinka",90,2,1,1,"B","NCTL",7,2,15.439,26.003,0,0.765957446808511,"sinner j.","wawrinka s.",1567.43795687885,1500,8384
"2022-wimbledon-1109","wimbledon",2022,"2:20:26",210,"Jannik Sinner","Stan Wawrinka",120,1,1,1,"C","NCTL",1,2,7.04,7.163,1,1.02127659574468,"sinner j.","wawrinka s.",1567.43795687885,1500,8426
"2022-wimbledon-1109","wimbledon",2022,"2:20:43",211,"Jannik Sinner","Stan Wawrinka",98,2,1,1,"B","NCTL",1,2,4.288,4.355,0,0.834042553191489,"sinner j.","wawrinka s.",1567.43795687885,1500,8443
"2022-wimbledon-1109","wimbledon",2022,"2:21:15",212,"Jannik Sinner","Stan Wawrinka",92,2,2,1,"C","NCTL",2,3,8.06,6.314,0,0.7783212161269,"sinner j.","wawrinka s.",1567.43795687885,1500,8475
"2022-wimbledon-1109","wimbledon",2022,"2:21:51",213,"Jannik Sinner","Stan Wawrinka",102,2,2,2,"C","NCTL",5,3,16.72,11.146,1,0.862921348314607,"sinner j.","wawrinka s.",1567.43795687885,1500,8511
"2022-wimbledon-1109","wimbledon",2022,"2:22:27",214,"Jannik Sinner","Stan Wawrinka",107,1,2,1,"W","CTL",2,3,4.744,2.781,1,0.90522141440846,"sinner j.","wawrinka s.",1567.43795687885,1500,8547
"2022-wimbledon-1109","wimbledon",2022,"2:22:43",215,"Jannik Sinner","Stan Wawrinka",117,1,2,2,"C","NCTL",1,3,3.909,2.379,0,0.989821546596167,"sinner j.","wawrinka s.",1567.43795687885,1500,8563
"2022-wimbledon-1109","wimbledon",2022,"2:22:56",216,"Jannik Sinner","Stan Wawrinka",102,1,2,1,"W","CTL",2,3,5.899,3.941,1,0.862921348314607,"sinner j.","wawrinka s.",1567.43795687885,1500,8576
"2022-wimbledon-1109","wimbledon",2022,"2:23:12",217,"Jannik Sinner","Stan Wawrinka",120,1,2,2,"W","CTL",1,3,0.908,1.327,0,1.01520158625248,"sinner j.","wawrinka s.",1567.43795687885,1500,8592
"2022-wimbledon-1109","wimbledon",2022,"2:23:34",218,"Jannik Sinner","Stan Wawrinka",115,1,2,2,"B","NCTL",3,3,10.371,9.176,0,0.972901520158625,"sinner j.","wawrinka s.",1567.43795687885,1500,8614
"2022-wimbledon-1109","wimbledon",2022,"2:23:51",219,"Jannik Sinner","Stan Wawrinka",114,1,2,1,"C","CTL",2,3,5.834,4.696,1,0.964441506939855,"sinner j.","wawrinka s.",1567.43795687885,1500,8631
"2022-wimbledon-1109","wimbledon",2022,"2:24:06",220,"Jannik Sinner","Stan Wawrinka",102,1,2,2,"W","CTL",1,3,7.67,7.306,0,0.862921348314607,"sinner j.","wawrinka s.",1567.43795687885,1500,8646
"2022-wimbledon-1109","wimbledon",2022,"2:24:23",221,"Jannik Sinner","Stan Wawrinka",93,2,2,2,"W","CTL",7,3,33.039,19.624,1,0.786781229345671,"sinner j.","wawrinka s.",1567.43795687885,1500,8663
"2022-wimbledon-1109","wimbledon",2022,"2:26:17",222,"Jannik Sinner","Stan Wawrinka",114,1,1,1,"W","CTL",1,4,4.079,3.971,1,0.970212765957447,"sinner j.","wawrinka s.",1567.43795687885,1500,8777
"2022-wimbledon-1109","wimbledon",2022,"2:26:35",223,"Jannik Sinner","Stan Wawrinka",120,1,1,1,"BC","CTL",3,4,7.938,8.87,1,1.02127659574468,"sinner j.","wawrinka s.",1567.43795687885,1500,8795
"2022-wimbledon-1109","wimbledon",2022,"2:26:57",224,"Jannik Sinner","Stan Wawrinka",95,2,1,1,"BC","NCTL",5,4,15.663,17.138,0,0.808510638297872,"sinner j.","wawrinka s.",1567.43795687885,1500,8817
"2022-wimbledon-1109","wimbledon",2022,"2:27:31",225,"Jannik Sinner","Stan Wawrinka",117,1,1,1,"BW","NCTL",5,4,17.869,12.546,1,0.995744680851064,"sinner j.","wawrinka s.",1567.43795687885,1500,8851
"2022-wimbledon-1109","wimbledon",2022,"2:28:06",226,"Jannik Sinner","Stan Wawrinka",113,1,2,2,"BW","NCTL",1,5,14.052,7.907,0,0.955981493721084,"sinner j.","wawrinka s.",1567.43795687885,1500,8886
"2022-wimbledon-1109","wimbledon",2022,"2:28:21",227,"Jannik Sinner","Stan Wawrinka",98,2,2,1,"C","NCTL",12,5,36.309,34.897,0,0.829081295439524,"sinner j.","wawrinka s.",1567.43795687885,1500,8901
"2022-wimbledon-1109","wimbledon",2022,"2:29:02",228,"Jannik Sinner","Stan Wawrinka",118,1,2,2,"B","NCTL",3,5,8.698,7.535,0,0.998281559814937,"sinner j.","wawrinka s.",1567.43795687885,1500,8942
"2022-wimbledon-1109","wimbledon",2022,"2:29:23",229,"Jannik Sinner","Stan Wawrinka",120,1,2,2,"W","CTL",3,5,15.447,8.957,0,1.01520158625248,"sinner j.","wawrinka s.",1567.43795687885,1500,8963
"2022-wimbledon-1109","wimbledon",2022,"2:29:41",230,"Jannik Sinner","Stan Wawrinka",94,2,2,2,"BC","NCTL",3,5,12.09,10.909,1,0.795241242564442,"sinner j.","wawrinka s.",1567.43795687885,1500,8981
"2022-wimbledon-1109","wimbledon",2022,"2:31:20",231,"Jannik Sinner","Stan Wawrinka",103,2,1,1,"W","NCTL",3,6,7.899,13.225,0,0.876595744680851,"sinner j.","wawrinka s.",1567.43795687885,1500,9080
"2022-wimbledon-1109","wimbledon",2022,"2:31:54",232,"Jannik Sinner","Stan Wawrinka",119,1,1,1,"C","NCTL",11,6,43.219,44.421,1,1.01276595744681,"sinner j.","wawrinka s.",1567.43795687885,1500,9114
"2022-wimbledon-1109","wimbledon",2022,"2:32:35",233,"Jannik Sinner","Stan Wawrinka",106,2,1,2,"B","NCTL",4,6,8.727,9.213,1,0.902127659574468,"sinner j.","wawrinka s.",1567.43795687885,1500,9155
"2022-wimbledon-1109","wimbledon",2022,"2:33:17",234,"Jannik Sinner","Stan Wawrinka",122,1,1,1,"W","CTL",1,6,3.129,4.057,1,1.03829787234043,"sinner j.","wawrinka s.",1567.43795687885,1500,9197
"2022-wimbledon-1109","wimbledon",2022,"2:33:51",235,"Jannik Sinner","Stan Wawrinka",116,1,1,2,"W","NCTL",6,6,20.105,24.105,0,0.987234042553191,"sinner j.","wawrinka s.",1567.43795687885,1500,9231
"2022-wimbledon-1109","wimbledon",2022,"2:34:23",236,"Jannik Sinner","Stan Wawrinka",121,1,1,1,"C","NCTL",1,6,0.925,0.677,1,1.02978723404255,"sinner j.","wawrinka s.",1567.43795687885,1500,9263
"2022-wimbledon-1109","wimbledon",2022,"2:34:50",237,"Jannik Sinner","Stan Wawrinka",98,2,2,2,"C","NCTL",1,7,4.53,3.584,1,0.829081295439524,"sinner j.","wawrinka s.",1567.43795687885,1500,9290
"2022-wimbledon-1109","wimbledon",2022,"2:35:11",238,"Jannik Sinner","Stan Wawrinka",84,2,2,1,"W","CTL",4,7,9.098,5.788,0,0.710641110376735,"sinner j.","wawrinka s.",1567.43795687885,1500,9311
"2022-wimbledon-1109","wimbledon",2022,"2:35:36",239,"Jannik Sinner","Stan Wawrinka",96,2,2,1,"BC","NCTL",2,7,6.523,5.396,0,0.812161269001983,"sinner j.","wawrinka s.",1567.43795687885,1500,9336
"2022-wimbledon-1109","wimbledon",2022,"2:36:01",240,"Jannik Sinner","Stan Wawrinka",91,2,2,2,"BW","CTL",1,7,2.965,2.353,1,0.76986120290813,"sinner j.","wawrinka s.",1567.43795687885,1500,9361
"2022-wimbledon-1109","wimbledon",2022,"2:36:24",241,"Jannik Sinner","Stan Wawrinka",113,1,2,1,"BC","NCTL",4,7,14.475,11.732,1,0.955981493721084,"sinner j.","wawrinka s.",1567.43795687885,1500,9384
"2022-wimbledon-1109","wimbledon",2022,"2:36:46",242,"Jannik Sinner","Stan Wawrinka",122,1,2,1,"C","NCTL",4,7,12.211,10.419,1,1.03212161269002,"sinner j.","wawrinka s.",1567.43795687885,1500,9406
"2022-wimbledon-1109","wimbledon",2022,"2:38:43",244,"Jannik Sinner","Stan Wawrinka",116,1,1,2,"C","NCTL",4,8,11.065,12.776,0,0.987234042553191,"sinner j.","wawrinka s.",1567.43795687885,1500,9523
"2022-wimbledon-1109","wimbledon",2022,"2:39:12",245,"Jannik Sinner","Stan Wawrinka",114,1,1,1,"W","CTL",1,8,3.76,5.503,1,0.970212765957447,"sinner j.","wawrinka s.",1567.43795687885,1500,9552
"2022-wimbledon-1109","wimbledon",2022,"2:39:39",246,"Jannik Sinner","Stan Wawrinka",86,2,1,1,"B","NCTL",3,8,12.061,12.481,0,0.731914893617021,"sinner j.","wawrinka s.",1567.43795687885,1500,9579
"2022-wimbledon-1109","wimbledon",2022,"2:40:14",247,"Jannik Sinner","Stan Wawrinka",95,2,1,1,"BC","NCTL",1,8,3.67,2.772,0,0.808510638297872,"sinner j.","wawrinka s.",1567.43795687885,1500,9614
"2022-wimbledon-1109","wimbledon",2022,"2:40:48",248,"Jannik Sinner","Stan Wawrinka",117,1,1,1,"C","NCTL",1,8,0.615,0.961,1,0.995744680851064,"sinner j.","wawrinka s.",1567.43795687885,1500,9648
"2022-wimbledon-1111","wimbledon",2022,"0:00:00",1,"Andy Murray","James Duckworth",98,2,1,1,"C","NCTL",1,1,13.731,12.233,0,0.857976653696498,"murray a.","duckworth j.",1518.14848905823,1500,0
"2022-wimbledon-1111","wimbledon",2022,"0:00:38",2,"Andy Murray","James Duckworth",115,1,1,1,"C","CTL",7,1,32.69,27.105,1,1.0068093385214,"murray a.","duckworth j.",1518.14848905823,1500,38
"2022-wimbledon-1111","wimbledon",2022,"0:01:16",3,"Andy Murray","James Duckworth",88,2,1,2,"BC","CTL",8,1,32.372,28.299,1,0.770428015564202,"murray a.","duckworth j.",1518.14848905823,1500,76
"2022-wimbledon-1111","wimbledon",2022,"0:02:10",4,"Andy Murray","James Duckworth",94,2,1,2,"B","NCTL",6,1,20.613,16.995,1,0.82295719844358,"murray a.","duckworth j.",1518.14848905823,1500,130
"2022-wimbledon-1111","wimbledon",2022,"0:03:00",5,"Andy Murray","James Duckworth",87,2,1,1,"BC","NCTL",5,1,22.34,20.679,0,0.761673151750973,"murray a.","duckworth j.",1518.14848905823,1500,180
"2022-wimbledon-1111","wimbledon",2022,"0:03:58",6,"Andy Murray","James Duckworth",118,1,1,1,"C","NCTL",3,1,12.773,11.599,1,1.03307392996109,"murray a.","duckworth j.",1518.14848905823,1500,238
"2022-wimbledon-1111","wimbledon",2022,"0:05:13",7,"Andy Murray","James Duckworth",125,1,2,2,"C","CTL",1,2,0.62,0.554,0,1.03710532380733,"murray a.","duckworth j.",1518.14848905823,1500,313
"2022-wimbledon-1111","wimbledon",2022,"0:05:29",8,"Andy Murray","James Duckworth",122,1,2,1,"C","NCTL",8,2,40.355,33.124,1,1.01221479603595,"murray a.","duckworth j.",1518.14848905823,1500,329
"2022-wimbledon-1111","wimbledon",2022,"0:06:02",9,"Andy Murray","James Duckworth",114,1,2,2,"W","CTL",1,2,4.005,1.94,0,0.945840055312284,"murray a.","duckworth j.",1518.14848905823,1500,362
"2022-wimbledon-1111","wimbledon",2022,"0:06:20",10,"Andy Murray","James Duckworth",95,2,2,1,"B","NCTL",4,2,24.97,20.706,0,0.78820004609357,"murray a.","duckworth j.",1518.14848905823,1500,380
"2022-wimbledon-1111","wimbledon",2022,"0:07:05",11,"Andy Murray","James Duckworth",99,2,2,2,"B","NCTL",11,2,42.304,32.056,1,0.821387416455404,"murray a.","duckworth j.",1518.14848905823,1500,425
"2022-wimbledon-1111","wimbledon",2022,"0:07:54",12,"Andy Murray","James Duckworth",128,1,2,1,"BW","CTL",4,2,13.704,13.762,1,1.0619958515787,"murray a.","duckworth j.",1518.14848905823,1500,474
"2022-wimbledon-1111","wimbledon",2022,"0:08:30",13,"Andy Murray","James Duckworth",100,2,2,2,"BC","NCTL",5,2,17.532,18.812,1,0.829684259045863,"murray a.","duckworth j.",1518.14848905823,1500,510
"2022-wimbledon-1111","wimbledon",2022,"0:09:13",14,"Andy Murray","James Duckworth",125,1,2,2,"C","CTL",3,2,23.321,14.819,0,1.03710532380733,"murray a.","duckworth j.",1518.14848905823,1500,553
"2022-wimbledon-1111","wimbledon",2022,"0:09:59",15,"Andy Murray","James Duckworth",124,1,1,2,"C","NCTL",4,3,15.717,11.62,0,1.08560311284047,"murray a.","duckworth j.",1518.14848905823,1500,599
"2022-wimbledon-1111","wimbledon",2022,"0:10:28",16,"Andy Murray","James Duckworth",125,1,1,2,"BW","CTL",10,3,38.972,41.863,0,1.0943579766537,"murray a.","duckworth j.",1518.14848905823,1500,628
"2022-wimbledon-1111","wimbledon",2022,"0:11:14",17,"Andy Murray","James Duckworth",94,2,1,2,"BW","NCTL",6,3,25.38,25.329,1,0.82295719844358,"murray a.","duckworth j.",1518.14848905823,1500,674
"2022-wimbledon-1111","wimbledon",2022,"0:12:24",18,"Andy Murray","James Duckworth",94,2,1,2,"BW","CTL",4,3,13.058,16.119,1,0.82295719844358,"murray a.","duckworth j.",1518.14848905823,1500,744
"2022-wimbledon-1111","wimbledon",2022,"0:14:39",19,"Andy Murray","James Duckworth",112,1,2,1,"W","NCTL",2,4,11.148,6.891,1,0.929246370131367,"murray a.","duckworth j.",1518.14848905823,1500,879
"2022-wimbledon-1111","wimbledon",2022,"0:14:58",20,"Andy Murray","James Duckworth",123,1,2,2,"C","NCTL",1,4,0.084,0.697,0,1.02051163862641,"murray a.","duckworth j.",1518.14848905823,1500,898
"2022-wimbledon-1111","wimbledon",2022,"0:15:14",21,"Andy Murray","James Duckworth",94,2,2,1,"BC","NCTL",6,4,19.189,22.38,0,0.779903203503111,"murray a.","duckworth j.",1518.14848905823,1500,914
"2022-wimbledon-1111","wimbledon",2022,"0:15:55",22,"Andy Murray","James Duckworth",123,1,2,1,"C","NCTL",2,4,9.537,7.457,1,1.02051163862641,"murray a.","duckworth j.",1518.14848905823,1500,955
"2022-wimbledon-1111","wimbledon",2022,"0:16:33",23,"Andy Murray","James Duckworth",117,1,2,2,"W","CTL",1,4,6.571,4.43,0,0.97073058308366,"murray a.","duckworth j.",1518.14848905823,1500,993
"2022-wimbledon-1111","wimbledon",2022,"0:16:55",24,"Andy Murray","James Duckworth",119,1,2,1,"C","NCTL",6,4,37.856,23.826,1,0.987324268264577,"murray a.","duckworth j.",1518.14848905823,1500,1015
"2022-wimbledon-1111","wimbledon",2022,"0:17:47",25,"Andy Murray","James Duckworth",109,1,1,1,"W","CTL",3,5,10.256,14.041,1,0.954280155642023,"murray a.","duckworth j.",1518.14848905823,1500,1067
"2022-wimbledon-1111","wimbledon",2022,"0:18:13",26,"Andy Murray","James Duckworth",94,2,1,1,"BW","NCTL",5,5,14.727,17.095,0,0.82295719844358,"murray a.","duckworth j.",1518.14848905823,1500,1093
"2022-wimbledon-1111","wimbledon",2022,"0:18:56",27,"Andy Murray","James Duckworth",123,1,1,1,"C","CTL",1,5,0.396,0.68,1,1.07684824902724,"murray a.","duckworth j.",1518.14848905823,1500,1136
"2022-wimbledon-1111","wimbledon",2022,"0:19:17",28,"Andy Murray","James Duckworth",94,2,1,1,"BW","NCTL",11,5,34.981,35.782,0,0.82295719844358,"murray a.","duckworth j.",1518.14848905823,1500,1157
"2022-wimbledon-1111","wimbledon",2022,"0:21:23",29,"Andy Murray","James Duckworth",116,1,2,2,"W","CTL",5,6,18.278,14.569,0,0.962433740493201,"murray a.","duckworth j.",1518.14848905823,1500,1283
"2022-wimbledon-1111","wimbledon",2022,"0:21:48",30,"Andy Murray","James Duckworth",89,2,2,1,"BW","NCTL",2,6,6.171,6.219,0,0.738418990550818,"murray a.","duckworth j.",1518.14848905823,1500,1308
"2022-wimbledon-1111","wimbledon",2022,"0:22:19",31,"Andy Murray","James Duckworth",123,1,2,2,"C","CTL",1,6,1.069,0.451,0,1.02051163862641,"murray a.","duckworth j.",1518.14848905823,1500,1339
"2022-wimbledon-1111","wimbledon",2022,"0:22:37",32,"Andy Murray","James Duckworth",125,1,2,1,"W","CTL",2,6,11.436,8.027,1,1.03710532380733,"murray a.","duckworth j.",1518.14848905823,1500,1357
"2022-wimbledon-1111","wimbledon",2022,"0:23:22",33,"Andy Murray","James Duckworth",109,1,2,2,"W","CTL",1,6,0.873,0.48,0,0.904355842359991,"murray a.","duckworth j.",1518.14848905823,1500,1402
"2022-wimbledon-1111","wimbledon",2022,"0:23:46",34,"Andy Murray","James Duckworth",127,1,2,2,"C","NCTL",1,6,6.368,3.465,0,1.05369900898825,"murray a.","duckworth j.",1518.14848905823,1500,1426
"2022-wimbledon-1111","wimbledon",2022,"0:24:17",35,"Andy Murray","James Duckworth",112,1,1,1,"W","NCTL",5,7,18.328,18.338,1,0.980544747081712,"murray a.","duckworth j.",1518.14848905823,1500,1457
"2022-wimbledon-1111","wimbledon",2022,"0:25:58",38,"Andy Murray","James Duckworth",92,2,1,1,"BW","NCTL",7,7,22.735,23.853,0,0.805447470817121,"murray a.","duckworth j.",1518.14848905823,1500,1558
"2022-wimbledon-1111","wimbledon",2022,"0:26:44",39,"Andy Murray","James Duckworth",85,2,1,2,"C","NCTL",2,7,9.195,9.132,1,0.744163424124514,"murray a.","duckworth j.",1518.14848905823,1500,1604
"2022-wimbledon-1111","wimbledon",2022,"0:27:38",40,"Andy Murray","James Duckworth",113,1,1,1,"C","NCTL",1,7,7.713,7.857,1,0.989299610894942,"murray a.","duckworth j.",1518.14848905823,1500,1658
"2022-wimbledon-1111","wimbledon",2022,"0:29:21",41,"Andy Murray","James Duckworth",114,1,2,1,"W","CTL",2,8,13.208,5.819,1,0.945840055312284,"murray a.","duckworth j.",1518.14848905823,1500,1761
"2022-wimbledon-1111","wimbledon",2022,"0:29:41",42,"Andy Murray","James Duckworth",110,2,2,2,"C","NCTL",1,8,5.316,2.801,1,0.912652684950449,"murray a.","duckworth j.",1518.14848905823,1500,1781
"2022-wimbledon-1111","wimbledon",2022,"0:30:13",43,"Andy Murray","James Duckworth",101,2,2,1,"B","NCTL",10,8,39.264,36.956,0,0.837981101636322,"murray a.","duckworth j.",1518.14848905823,1500,1813
"2022-wimbledon-1111","wimbledon",2022,"0:31:06",44,"Andy Murray","James Duckworth",96,2,2,2,"BW","NCTL",1,8,3.849,2.565,1,0.796496888684029,"murray a.","duckworth j.",1518.14848905823,1500,1866
"2022-wimbledon-1111","wimbledon",2022,"0:31:40",45,"Andy Murray","James Duckworth",124,1,2,2,"B","NCTL",1,8,3.971,2.845,0,1.02880848121687,"murray a.","duckworth j.",1518.14848905823,1500,1900
"2022-wimbledon-1111","wimbledon",2022,"0:32:19",46,"Andy Murray","James Duckworth",122,1,2,2,"BC","NCTL",1,8,4.066,4.487,0,1.01221479603595,"murray a.","duckworth j.",1518.14848905823,1500,1939
"2022-wimbledon-1111","wimbledon",2022,"0:32:54",47,"Andy Murray","James Duckworth",103,1,1,1,"BW","NCTL",1,9,5.152,4.009,1,0.901750972762646,"murray a.","duckworth j.",1518.14848905823,1500,1974
"2022-wimbledon-1111","wimbledon",2022,"0:33:43",48,"Andy Murray","James Duckworth",95,2,1,2,"BW","NCTL",4,9,16.685,22.926,1,0.831712062256809,"murray a.","duckworth j.",1518.14848905823,1500,2023
"2022-wimbledon-1111","wimbledon",2022,"0:34:28",49,"Andy Murray","James Duckworth",123,1,1,1,"C","NCTL",1,9,0.77,0.542,1,1.07684824902724,"murray a.","duckworth j.",1518.14848905823,1500,2068
"2022-wimbledon-1111","wimbledon",2022,"0:34:54",50,"Andy Murray","James Duckworth",121,1,1,2,"BW","NCTL",2,9,7.807,6.374,0,1.05933852140078,"murray a.","duckworth j.",1518.14848905823,1500,2094
"2022-wimbledon-1111","wimbledon",2022,"0:35:28",51,"Andy Murray","James Duckworth",93,2,1,2,"B","NCTL",14,9,42.076,49.719,1,0.81420233463035,"murray a.","duckworth j.",1518.14848905823,1500,2128
"2022-wimbledon-1111","wimbledon",2022,"0:36:55",52,"Andy Murray","James Duckworth",91,2,1,2,"B","NCTL",2,9,2.865,2.896,1,0.796692607003891,"murray a.","duckworth j.",1518.14848905823,1500,2215
"2022-wimbledon-1111","wimbledon",2022,"0:38:44",53,"Andy Murray","James Duckworth",116,1,2,1,"BW","NCTL",4,10,15.249,10.01,1,0.962433740493201,"murray a.","duckworth j.",1518.14848905823,1500,2324
"2022-wimbledon-1111","wimbledon",2022,"0:39:09",54,"Andy Murray","James Duckworth",124,1,2,2,"BW","NCTL",11,10,47.983,38.468,0,1.02880848121687,"murray a.","duckworth j.",1518.14848905823,1500,2349
"2022-wimbledon-1111","wimbledon",2022,"0:39:49",55,"Andy Murray","James Duckworth",119,1,2,1,"BW","NCTL",2,10,8.659,8.023,1,0.987324268264577,"murray a.","duckworth j.",1518.14848905823,1500,2389
"2022-wimbledon-1111","wimbledon",2022,"0:40:21",56,"Andy Murray","James Duckworth",125,1,2,2,"BC","NCTL",1,10,4.881,3.259,0,1.03710532380733,"murray a.","duckworth j.",1518.14848905823,1500,2421
"2022-wimbledon-1111","wimbledon",2022,"0:40:45",57,"Andy Murray","James Duckworth",112,1,2,2,"W","CTL",1,10,5.772,3.69,0,0.929246370131367,"murray a.","duckworth j.",1518.14848905823,1500,2445
"2022-wimbledon-1111","wimbledon",2022,"0:41:12",58,"Andy Murray","James Duckworth",99,2,2,2,"BW","NCTL",5,10,13.742,10.581,1,0.821387416455404,"murray a.","duckworth j.",1518.14848905823,1500,2472
"2022-wimbledon-1111","wimbledon",2022,"0:43:39",59,"Andy Murray","James Duckworth",80,2,1,1,"B","NCTL",3,1,15.709,11.98,0,0.700389105058366,"murray a.","duckworth j.",1518.14848905823,1500,2619
"2022-wimbledon-1111","wimbledon",2022,"0:44:22",60,"Andy Murray","James Duckworth",118,1,1,1,"W","CTL",1,1,2.373,2.674,1,1.03307392996109,"murray a.","duckworth j.",1518.14848905823,1500,2662
"2022-wimbledon-1111","wimbledon",2022,"0:44:41",61,"Andy Murray","James Duckworth",108,1,1,1,"BW","CTL",1,1,6.034,5.695,1,0.945525291828794,"murray a.","duckworth j.",1518.14848905823,1500,2681
"2022-wimbledon-1111","wimbledon",2022,"0:45:52",63,"Andy Murray","James Duckworth",126,1,2,2,"C","NCTL",7,2,24.901,19.936,0,1.04540216639779,"murray a.","duckworth j.",1518.14848905823,1500,2752
"2022-wimbledon-1111","wimbledon",2022,"0:46:51",65,"Andy Murray","James Duckworth",104,2,2,1,"BC","NCTL",20,2,71.491,65.863,0,0.862871629407698,"murray a.","duckworth j.",1518.14848905823,1500,2811
"2022-wimbledon-1111","wimbledon",2022,"0:48:01",66,"Andy Murray","James Duckworth",120,1,2,2,"C","CTL",3,2,7.945,11.01,0,0.995621110855036,"murray a.","duckworth j.",1518.14848905823,1500,2881
"2022-wimbledon-1111","wimbledon",2022,"0:48:34",67,"Andy Murray","James Duckworth",133,1,2,2,"C","CTL",1,2,2.58,2.638,0,1.103480064531,"murray a.","duckworth j.",1518.14848905823,1500,2914
"2022-wimbledon-1111","wimbledon",2022,"0:48:58",68,"Andy Murray","James Duckworth",97,2,2,1,"W","NCTL",4,2,16.957,20.781,0,0.804793731274487,"murray a.","duckworth j.",1518.14848905823,1500,2938
"2022-wimbledon-1111","wimbledon",2022,"0:49:39",69,"Andy Murray","James Duckworth",115,1,2,2,"W","CTL",5,2,16.617,14.767,0,0.954136897902743,"murray a.","duckworth j.",1518.14848905823,1500,2979
"2022-wimbledon-1111","wimbledon",2022,"0:50:06",70,"Andy Murray","James Duckworth",107,2,2,1,"C","NCTL",4,2,24.989,12.999,0,0.887762157179074,"murray a.","duckworth j.",1518.14848905823,1500,3006
"2022-wimbledon-1111","wimbledon",2022,"0:50:50",71,"Andy Murray","James Duckworth",131,1,2,2,"C","NCTL",1,2,5.216,6.799,0,1.08688637935008,"murray a.","duckworth j.",1518.14848905823,1500,3050
"2022-wimbledon-1111","wimbledon",2022,"0:51:06",72,"Andy Murray","James Duckworth",116,1,2,1,"C","CTL",16,2,61.013,63.363,1,0.962433740493201,"murray a.","duckworth j.",1518.14848905823,1500,3066
"2022-wimbledon-1111","wimbledon",2022,"0:51:59",73,"Andy Murray","James Duckworth",122,1,2,1,"B","CTL",4,2,29.463,26.921,1,1.01221479603595,"murray a.","duckworth j.",1518.14848905823,1500,3119
"2022-wimbledon-1111","wimbledon",2022,"0:52:38",74,"Andy Murray","James Duckworth",125,1,2,2,"C","NCTL",5,2,22.365,16.524,0,1.03710532380733,"murray a.","duckworth j.",1518.14848905823,1500,3158
"2022-wimbledon-1111","wimbledon",2022,"0:53:05",75,"Andy Murray","James Duckworth",119,1,2,2,"W","CTL",1,2,5.231,2.876,0,0.987324268264577,"murray a.","duckworth j.",1518.14848905823,1500,3185
"2022-wimbledon-1111","wimbledon",2022,"0:53:39",76,"Andy Murray","James Duckworth",121,1,2,2,"BW","NCTL",7,2,29.282,21.894,0,1.00391795344549,"murray a.","duckworth j.",1518.14848905823,1500,3219
"2022-wimbledon-1111","wimbledon",2022,"0:54:40",77,"Andy Murray","James Duckworth",86,2,1,1,"BC","NCTL",3,3,15.24,12.746,0,0.752918287937743,"murray a.","duckworth j.",1518.14848905823,1500,3280
"2022-wimbledon-1111","wimbledon",2022,"0:55:24",78,"Andy Murray","James Duckworth",114,1,1,1,"C","NCTL",1,3,3.422,4.878,1,0.998054474708171,"murray a.","duckworth j.",1518.14848905823,1500,3324
"2022-wimbledon-1111","wimbledon",2022,"0:55:44",79,"Andy Murray","James Duckworth",113,1,1,1,"BW","NCTL",1,3,5.512,5.612,1,0.989299610894942,"murray a.","duckworth j.",1518.14848905823,1500,3344
"2022-wimbledon-1111","wimbledon",2022,"0:56:01",80,"Andy Murray","James Duckworth",92,2,1,1,"W","NCTL",3,3,16.392,10.081,0,0.805447470817121,"murray a.","duckworth j.",1518.14848905823,1500,3361
"2022-wimbledon-1111","wimbledon",2022,"0:57:59",81,"Andy Murray","James Duckworth",125,1,2,2,"C","CTL",1,4,9.6,7.919,0,1.03710532380733,"murray a.","duckworth j.",1518.14848905823,1500,3479
"2022-wimbledon-1111","wimbledon",2022,"0:58:16",82,"Andy Murray","James Duckworth",97,2,2,2,"C","NCTL",1,4,5.045,4.03,1,0.804793731274487,"murray a.","duckworth j.",1518.14848905823,1500,3496
"2022-wimbledon-1111","wimbledon",2022,"0:58:44",83,"Andy Murray","James Duckworth",129,1,2,2,"C","CTL",1,4,5.043,4.048,0,1.07029269416916,"murray a.","duckworth j.",1518.14848905823,1500,3524
"2022-wimbledon-1111","wimbledon",2022,"0:58:59",84,"Andy Murray","James Duckworth",96,2,2,2,"BW","NCTL",3,4,14.813,12.569,1,0.796496888684029,"murray a.","duckworth j.",1518.14848905823,1500,3539
"2022-wimbledon-1111","wimbledon",2022,"0:59:45",85,"Andy Murray","James Duckworth",107,1,1,1,"W","CTL",1,5,4.521,5.666,1,0.936770428015564,"murray a.","duckworth j.",1518.14848905823,1500,3585
"2022-wimbledon-1111","wimbledon",2022,"1:00:02",86,"Andy Murray","James Duckworth",119,1,1,1,"W","CTL",3,5,6.212,8.182,1,1.04182879377432,"murray a.","duckworth j.",1518.14848905823,1500,3602
"2022-wimbledon-1111","wimbledon",2022,"1:00:25",87,"Andy Murray","James Duckworth",108,1,1,1,"W","CTL",1,5,3.033,3.516,1,0.945525291828794,"murray a.","duckworth j.",1518.14848905823,1500,3625
"2022-wimbledon-1111","wimbledon",2022,"1:00:43",88,"Andy Murray","James Duckworth",86,2,1,2,"BW","NCTL",6,5,27.267,17.986,1,0.752918287937743,"murray a.","duckworth j.",1518.14848905823,1500,3643
"2022-wimbledon-1111","wimbledon",2022,"1:01:36",89,"Andy Murray","James Duckworth",112,1,1,1,"BW","NCTL",5,5,13.997,13.939,1,0.980544747081712,"murray a.","duckworth j.",1518.14848905823,1500,3696
"2022-wimbledon-1111","wimbledon",2022,"1:03:19",90,"Andy Murray","James Duckworth",117,1,2,2,"BW","NCTL",3,6,7.722,5.936,0,0.97073058308366,"murray a.","duckworth j.",1518.14848905823,1500,3799
"2022-wimbledon-1111","wimbledon",2022,"1:03:38",91,"Andy Murray","James Duckworth",90,2,2,2,"W","CTL",5,6,23.233,17.876,1,0.746715833141277,"murray a.","duckworth j.",1518.14848905823,1500,3818
"2022-wimbledon-1111","wimbledon",2022,"1:04:13",92,"Andy Murray","James Duckworth",126,1,2,1,"BC","CTL",10,6,31.194,33.808,1,1.04540216639779,"murray a.","duckworth j.",1518.14848905823,1500,3853
"2022-wimbledon-1111","wimbledon",2022,"1:04:49",93,"Andy Murray","James Duckworth",107,2,2,2,"C","NCTL",7,6,21.822,24.059,1,0.887762157179074,"murray a.","duckworth j.",1518.14848905823,1500,3889
"2022-wimbledon-1111","wimbledon",2022,"1:05:31",94,"Andy Murray","James Duckworth",117,1,2,1,"W","NCTL",6,6,23.384,23.818,1,0.97073058308366,"murray a.","duckworth j.",1518.14848905823,1500,3931
"2022-wimbledon-1111","wimbledon",2022,"1:06:03",95,"Andy Murray","James Duckworth",124,1,2,1,"W","CTL",6,6,25.285,17.807,1,1.02880848121687,"murray a.","duckworth j.",1518.14848905823,1500,3963
"2022-wimbledon-1111","wimbledon",2022,"1:06:36",96,"Andy Murray","James Duckworth",105,2,2,1,"BC","NCTL",12,6,48.634,45.038,0,0.871168471998156,"murray a.","duckworth j.",1518.14848905823,1500,3996
"2022-wimbledon-1111","wimbledon",2022,"1:07:35",97,"Andy Murray","James Duckworth",94,2,2,1,"BW","NCTL",18,6,59.163,50.841,0,0.779903203503111,"murray a.","duckworth j.",1518.14848905823,1500,4055
"2022-wimbledon-1111","wimbledon",2022,"1:09:23",98,"Andy Murray","James Duckworth",94,2,1,2,"B","NCTL",6,7,21.292,21.17,1,0.82295719844358,"murray a.","duckworth j.",1518.14848905823,1500,4163
"2022-wimbledon-1111","wimbledon",2022,"1:10:16",99,"Andy Murray","James Duckworth",111,1,1,1,"C","NCTL",1,7,5.01,5.884,1,0.971789883268482,"murray a.","duckworth j.",1518.14848905823,1500,4216
"2022-wimbledon-1111","wimbledon",2022,"1:10:41",100,"Andy Murray","James Duckworth",122,1,1,1,"C","NCTL",1,7,0.928,0.245,1,1.06809338521401,"murray a.","duckworth j.",1518.14848905823,1500,4241
"2022-wimbledon-1111","wimbledon",2022,"1:11:04",101,"Andy Murray","James Duckworth",116,1,1,1,"C","NCTL",5,7,15.518,15.879,1,1.01556420233463,"murray a.","duckworth j.",1518.14848905823,1500,4264
"2022-wimbledon-1111","wimbledon",2022,"1:11:31",102,"Andy Murray","James Duckworth",105,1,1,1,"W","CTL",1,7,0.728,0.668,1,0.919260700389105,"murray a.","duckworth j.",1518.14848905823,1500,4291
"2022-wimbledon-1111","wimbledon",2022,"1:13:10",103,"Andy Murray","James Duckworth",115,1,2,2,"W","CTL",1,8,6.068,3.125,0,0.954136897902743,"murray a.","duckworth j.",1518.14848905823,1500,4390
"2022-wimbledon-1111","wimbledon",2022,"1:13:28",104,"Andy Murray","James Duckworth",112,1,2,2,"C","NCTL",1,8,4.925,2.985,0,0.929246370131367,"murray a.","duckworth j.",1518.14848905823,1500,4408
"2022-wimbledon-1111","wimbledon",2022,"1:13:45",105,"Andy Murray","James Duckworth",102,2,2,1,"BC","NCTL",2,8,5.847,3.859,0,0.84627794422678,"murray a.","duckworth j.",1518.14848905823,1500,4425
"2022-wimbledon-1111","wimbledon",2022,"1:14:31",106,"Andy Murray","James Duckworth",119,1,2,2,"C","NCTL",7,8,24.726,20.477,0,0.987324268264577,"murray a.","duckworth j.",1518.14848905823,1500,4471
"2022-wimbledon-1111","wimbledon",2022,"1:15:00",107,"Andy Murray","James Duckworth",117,1,2,2,"W","CTL",5,8,25.627,14.504,0,0.97073058308366,"murray a.","duckworth j.",1518.14848905823,1500,4500
"2022-wimbledon-1111","wimbledon",2022,"1:15:51",108,"Andy Murray","James Duckworth",92,2,1,1,"BC","NCTL",3,9,10.079,12.351,0,0.805447470817121,"murray a.","duckworth j.",1518.14848905823,1500,4551
"2022-wimbledon-1111","wimbledon",2022,"1:16:38",109,"Andy Murray","James Duckworth",111,1,1,1,"C","NCTL",1,9,3.917,4.825,1,0.971789883268482,"murray a.","duckworth j.",1518.14848905823,1500,4598
"2022-wimbledon-1111","wimbledon",2022,"1:17:00",110,"Andy Murray","James Duckworth",109,1,1,1,"W","CTL",1,9,4.313,5.512,1,0.954280155642023,"murray a.","duckworth j.",1518.14848905823,1500,4620
"2022-wimbledon-1111","wimbledon",2022,"1:17:19",111,"Andy Murray","James Duckworth",87,2,1,1,"W","NCTL",3,9,14.471,13.115,0,0.761673151750973,"murray a.","duckworth j.",1518.14848905823,1500,4639
"2022-wimbledon-1111","wimbledon",2022,"1:21:50",112,"Andy Murray","James Duckworth",98,2,2,1,"W","NCTL",2,1,8.47,6.306,0,0.813090573864946,"murray a.","duckworth j.",1518.14848905823,1500,4910
"2022-wimbledon-1111","wimbledon",2022,"1:22:21",113,"Andy Murray","James Duckworth",122,1,2,1,"C","NCTL",12,1,40.168,38.498,1,1.01221479603595,"murray a.","duckworth j.",1518.14848905823,1500,4941
"2022-wimbledon-1111","wimbledon",2022,"1:23:06",114,"Andy Murray","James Duckworth",112,1,2,2,"W","CTL",9,1,29.797,25.329,0,0.929246370131367,"murray a.","duckworth j.",1518.14848905823,1500,4986
"2022-wimbledon-1111","wimbledon",2022,"1:24:13",116,"Andy Murray","James Duckworth",124,1,2,2,"BC","CTL",1,1,5.605,5.334,0,1.02880848121687,"murray a.","duckworth j.",1518.14848905823,1500,5053
"2022-wimbledon-1111","wimbledon",2022,"1:24:35",117,"Andy Murray","James Duckworth",121,1,2,2,"C","NCTL",3,1,19.283,19.278,0,1.00391795344549,"murray a.","duckworth j.",1518.14848905823,1500,5075
"2022-wimbledon-1111","wimbledon",2022,"1:25:08",118,"Andy Murray","James Duckworth",133,1,2,2,"C","NCTL",1,1,0.591,0.329,0,1.103480064531,"murray a.","duckworth j.",1518.14848905823,1500,5108
"2022-wimbledon-1111","wimbledon",2022,"1:25:42",119,"Andy Murray","James Duckworth",130,1,2,2,"BW","NCTL",1,1,4.284,3.146,0,1.07858953675962,"murray a.","duckworth j.",1518.14848905823,1500,5142
"2022-wimbledon-1111","wimbledon",2022,"1:26:35",120,"Andy Murray","James Duckworth",120,1,1,1,"C","NCTL",1,2,0.253,0.618,1,1.05058365758755,"murray a.","duckworth j.",1518.14848905823,1500,5195
"2022-wimbledon-1111","wimbledon",2022,"1:26:54",121,"Andy Murray","James Duckworth",114,1,1,2,"BC","NCTL",4,2,21.313,26.316,0,0.998054474708171,"murray a.","duckworth j.",1518.14848905823,1500,5214
"2022-wimbledon-1111","wimbledon",2022,"1:27:26",122,"Andy Murray","James Duckworth",88,2,1,1,"BC","NCTL",1,2,3.622,4.654,0,0.770428015564202,"murray a.","duckworth j.",1518.14848905823,1500,5246
"2022-wimbledon-1111","wimbledon",2022,"1:28:11",123,"Andy Murray","James Duckworth",122,1,1,1,"W","CTL",1,2,0.593,0.336,1,1.06809338521401,"murray a.","duckworth j.",1518.14848905823,1500,5291
"2022-wimbledon-1111","wimbledon",2022,"1:28:30",124,"Andy Murray","James Duckworth",124,1,1,1,"C","CTL",1,2,1.701,1.996,1,1.08560311284047,"murray a.","duckworth j.",1518.14848905823,1500,5310
"2022-wimbledon-1111","wimbledon",2022,"1:29:00",125,"Andy Murray","James Duckworth",102,1,2,2,"W","CTL",7,3,26.73,22.657,0,0.84627794422678,"murray a.","duckworth j.",1518.14848905823,1500,5340
"2022-wimbledon-1111","wimbledon",2022,"1:29:27",126,"Andy Murray","James Duckworth",92,2,2,1,"BW","NCTL",10,3,45.619,34.495,0,0.763309518322194,"murray a.","duckworth j.",1518.14848905823,1500,5367
"2022-wimbledon-1111","wimbledon",2022,"1:30:24",127,"Andy Murray","James Duckworth",107,2,2,2,"BC","NCTL",5,3,16.554,13.981,1,0.887762157179074,"murray a.","duckworth j.",1518.14848905823,1500,5424
"2022-wimbledon-1111","wimbledon",2022,"1:31:05",128,"Andy Murray","James Duckworth",122,1,2,1,"C","NCTL",4,3,11.606,8.857,1,1.01221479603595,"murray a.","duckworth j.",1518.14848905823,1500,5465
"2022-wimbledon-1111","wimbledon",2022,"1:31:33",129,"Andy Murray","James Duckworth",103,2,2,1,"B","CTL",10,3,42.721,37.634,0,0.854574786817239,"murray a.","duckworth j.",1518.14848905823,1500,5493
"2022-wimbledon-1111","wimbledon",2022,"1:32:26",130,"Andy Murray","James Duckworth",99,2,2,1,"B","NCTL",12,3,38.182,33.429,0,0.821387416455404,"murray a.","duckworth j.",1518.14848905823,1500,5546
"2022-wimbledon-1111","wimbledon",2022,"1:34:34",131,"Andy Murray","James Duckworth",104,1,1,1,"W","CTL",1,4,0.465,1.212,1,0.910505836575875,"murray a.","duckworth j.",1518.14848905823,1500,5674
"2022-wimbledon-1111","wimbledon",2022,"1:35:36",133,"Andy Murray","James Duckworth",95,1,1,2,"W","CTL",4,4,12.648,18.562,0,0.831712062256809,"murray a.","duckworth j.",1518.14848905823,1500,5736
"2022-wimbledon-1111","wimbledon",2022,"1:36:06",134,"Andy Murray","James Duckworth",125,1,1,1,"BW","NCTL",1,4,3.365,4.422,1,1.0943579766537,"murray a.","duckworth j.",1518.14848905823,1500,5766
"2022-wimbledon-1111","wimbledon",2022,"1:36:26",135,"Andy Murray","James Duckworth",102,1,1,2,"W","CTL",8,4,26.654,30.928,0,0.892996108949416,"murray a.","duckworth j.",1518.14848905823,1500,5786
"2022-wimbledon-1111","wimbledon",2022,"1:37:05",136,"Andy Murray","James Duckworth",84,2,1,2,"BW","NCTL",10,4,28.1,26.982,1,0.735408560311284,"murray a.","duckworth j.",1518.14848905823,1500,5825
"2022-wimbledon-1111","wimbledon",2022,"1:37:59",137,"Andy Murray","James Duckworth",89,2,1,1,"BC","NCTL",5,4,25.829,26.326,0,0.779182879377432,"murray a.","duckworth j.",1518.14848905823,1500,5879
"2022-wimbledon-1111","wimbledon",2022,"1:38:56",138,"Andy Murray","James Duckworth",110,1,1,1,"C","NCTL",1,4,5.328,6.404,1,0.963035019455253,"murray a.","duckworth j.",1518.14848905823,1500,5936
"2022-wimbledon-1111","wimbledon",2022,"1:39:35",139,"Andy Murray","James Duckworth",105,2,2,1,"BC","NCTL",14,5,51.397,41.227,0,0.871168471998156,"murray a.","duckworth j.",1518.14848905823,1500,5975
"2022-wimbledon-1111","wimbledon",2022,"1:40:30",140,"Andy Murray","James Duckworth",109,2,2,1,"BC","NCTL",10,5,30.386,34.548,0,0.904355842359991,"murray a.","duckworth j.",1518.14848905823,1500,6030
"2022-wimbledon-1111","wimbledon",2022,"1:41:21",141,"Andy Murray","James Duckworth",128,1,2,2,"C","NCTL",1,5,0.471,0.449,0,1.0619958515787,"murray a.","duckworth j.",1518.14848905823,1500,6081
"2022-wimbledon-1111","wimbledon",2022,"1:41:45",142,"Andy Murray","James Duckworth",90,2,2,1,"BW","NCTL",4,5,12.944,11.106,0,0.746715833141277,"murray a.","duckworth j.",1518.14848905823,1500,6105
"2022-wimbledon-1111","wimbledon",2022,"1:42:44",144,"Andy Murray","James Duckworth",115,2,2,1,"C","NCTL",2,5,10.958,7.294,0,0.954136897902743,"murray a.","duckworth j.",1518.14848905823,1500,6164
"2022-wimbledon-1111","wimbledon",2022,"1:45:34",145,"Andy Murray","James Duckworth",91,2,1,2,"BC","NCTL",2,6,7.938,6.548,1,0.796692607003891,"murray a.","duckworth j.",1518.14848905823,1500,6334
"2022-wimbledon-1111","wimbledon",2022,"1:46:13",146,"Andy Murray","James Duckworth",116,1,1,1,"BW","NCTL",3,6,12.351,10.334,1,1.01556420233463,"murray a.","duckworth j.",1518.14848905823,1500,6373
"2022-wimbledon-1111","wimbledon",2022,"1:46:37",147,"Andy Murray","James Duckworth",109,1,1,2,"W","CTL",2,6,12.788,13.145,0,0.954280155642023,"murray a.","duckworth j.",1518.14848905823,1500,6397
"2022-wimbledon-1111","wimbledon",2022,"1:47:32",148,"Andy Murray","James Duckworth",87,2,1,1,"BW","NCTL",7,6,18.888,20.705,0,0.761673151750973,"murray a.","duckworth j.",1518.14848905823,1500,6452
"2022-wimbledon-1111","wimbledon",2022,"1:48:17",149,"Andy Murray","James Duckworth",89,2,1,1,"C","NCTL",7,6,28.047,19.791,0,0.779182879377432,"murray a.","duckworth j.",1518.14848905823,1500,6497
"2022-wimbledon-1111","wimbledon",2022,"1:49:08",150,"Andy Murray","James Duckworth",78,2,1,2,"B","NCTL",2,6,5.16,4.749,1,0.682879377431907,"murray a.","duckworth j.",1518.14848905823,1500,6548
"2022-wimbledon-1111","wimbledon",2022,"1:49:48",151,"Andy Murray","James Duckworth",124,1,1,1,"C","NCTL",1,6,0.512,0.878,1,1.08560311284047,"murray a.","duckworth j.",1518.14848905823,1500,6588
"2022-wimbledon-1111","wimbledon",2022,"1:50:10",152,"Andy Murray","James Duckworth",123,1,1,2,"W","CTL",10,6,31.17,36.53,0,1.07684824902724,"murray a.","duckworth j.",1518.14848905823,1500,6610
"2022-wimbledon-1111","wimbledon",2022,"1:50:58",153,"Andy Murray","James Duckworth",109,1,1,1,"W","NCTL",1,6,5.215,5.985,1,0.954280155642023,"murray a.","duckworth j.",1518.14848905823,1500,6658
"2022-wimbledon-1111","wimbledon",2022,"1:51:25",154,"Andy Murray","James Duckworth",92,2,1,2,"B","NCTL",4,6,18.982,16.72,1,0.805447470817121,"murray a.","duckworth j.",1518.14848905823,1500,6685
"2022-wimbledon-1111","wimbledon",2022,"1:52:14",155,"Andy Murray","James Duckworth",108,1,1,1,"W","CTL",1,6,3.664,4.538,1,0.945525291828794,"murray a.","duckworth j.",1518.14848905823,1500,6734
"2022-wimbledon-1111","wimbledon",2022,"1:52:37",156,"Andy Murray","James Duckworth",124,1,1,2,"W","NCTL",4,6,12.427,16.545,0,1.08560311284047,"murray a.","duckworth j.",1518.14848905823,1500,6757
"2022-wimbledon-1111","wimbledon",2022,"1:53:08",157,"Andy Murray","James Duckworth",128,1,1,1,"C","NCTL",1,6,0.728,0.189,1,1.12062256809339,"murray a.","duckworth j.",1518.14848905823,1500,6788
"2022-wimbledon-1111","wimbledon",2022,"1:53:37",158,"Andy Murray","James Duckworth",118,1,1,1,"C","NCTL",1,6,5.301,5.905,1,1.03307392996109,"murray a.","duckworth j.",1518.14848905823,1500,6817
"2022-wimbledon-1111","wimbledon",2022,"1:54:37",159,"Andy Murray","James Duckworth",110,1,2,2,"W","CTL",1,7,7.026,4.729,0,0.912652684950449,"murray a.","duckworth j.",1518.14848905823,1500,6877
"2022-wimbledon-1111","wimbledon",2022,"1:54:52",160,"Andy Murray","James Duckworth",103,2,2,2,"B","NCTL",5,7,12.085,9.992,1,0.854574786817239,"murray a.","duckworth j.",1518.14848905823,1500,6892
"2022-wimbledon-1111","wimbledon",2022,"1:55:26",161,"Andy Murray","James Duckworth",93,2,2,1,"C","NCTL",4,7,14.167,13.504,0,0.771606360912653,"murray a.","duckworth j.",1518.14848905823,1500,6926
"2022-wimbledon-1111","wimbledon",2022,"1:56:05",162,"Andy Murray","James Duckworth",109,2,2,2,"BC","NCTL",3,7,8.164,6.004,1,0.904355842359991,"murray a.","duckworth j.",1518.14848905823,1500,6965
"2022-wimbledon-1111","wimbledon",2022,"1:56:36",163,"Andy Murray","James Duckworth",116,1,2,2,"B","NCTL",1,7,5.738,7.667,0,0.962433740493201,"murray a.","duckworth j.",1518.14848905823,1500,6996
"2022-wimbledon-1111","wimbledon",2022,"1:58:42",164,"Andy Murray","James Duckworth",100,1,1,2,"BW","NCTL",2,8,7.302,9.644,0,0.875486381322957,"murray a.","duckworth j.",1518.14848905823,1500,7122
"2022-wimbledon-1111","wimbledon",2022,"1:59:08",165,"Andy Murray","James Duckworth",111,1,1,1,"C","NCTL",13,8,49.756,41.504,1,0.971789883268482,"murray a.","duckworth j.",1518.14848905823,1500,7148
"2022-wimbledon-1111","wimbledon",2022,"2:00:02",166,"Andy Murray","James Duckworth",108,1,1,1,"W","CTL",1,8,3.689,4.959,1,0.945525291828794,"murray a.","duckworth j.",1518.14848905823,1500,7202
"2022-wimbledon-1111","wimbledon",2022,"2:00:28",167,"Andy Murray","James Duckworth",110,1,1,1,"C","NCTL",1,8,4.099,6.005,1,0.963035019455253,"murray a.","duckworth j.",1518.14848905823,1500,7228
"2022-wimbledon-1111","wimbledon",2022,"2:00:50",168,"Andy Murray","James Duckworth",105,1,1,1,"W","CTL",3,8,6.938,11.954,1,0.919260700389105,"murray a.","duckworth j.",1518.14848905823,1500,7250
"2022-wimbledon-1111","wimbledon",2022,"2:13:40",169,"Andy Murray","James Duckworth",127,1,2,2,"C","CTL",1,1,0.333,0.98,0,1.05369900898825,"murray a.","duckworth j.",1518.14848905823,1500,8020
"2022-wimbledon-1111","wimbledon",2022,"2:13:55",170,"Andy Murray","James Duckworth",89,2,2,1,"W","NCTL",8,1,34.947,25.646,0,0.738418990550818,"murray a.","duckworth j.",1518.14848905823,1500,8035
"2022-wimbledon-1111","wimbledon",2022,"2:14:36",171,"Andy Murray","James Duckworth",98,2,2,2,"B","NCTL",5,1,22.397,21.135,1,0.813090573864946,"murray a.","duckworth j.",1518.14848905823,1500,8076
"2022-wimbledon-1111","wimbledon",2022,"2:15:16",172,"Andy Murray","James Duckworth",91,2,2,2,"BW","NCTL",3,1,14.792,10.727,1,0.755012675731735,"murray a.","duckworth j.",1518.14848905823,1500,8116
"2022-wimbledon-1111","wimbledon",2022,"2:15:59",173,"Andy Murray","James Duckworth",94,2,2,2,"BC","NCTL",7,1,17.465,16.351,1,0.779903203503111,"murray a.","duckworth j.",1518.14848905823,1500,8159
"2022-wimbledon-1111","wimbledon",2022,"2:17:26",174,"Andy Murray","James Duckworth",107,1,1,1,"W","NCTL",1,2,3.632,4.805,1,0.936770428015564,"murray a.","duckworth j.",1518.14848905823,1500,8246
"2022-wimbledon-1111","wimbledon",2022,"2:17:45",175,"Andy Murray","James Duckworth",81,2,1,2,"BC","CTL",2,2,17.847,14.636,1,0.709143968871595,"murray a.","duckworth j.",1518.14848905823,1500,8265
"2022-wimbledon-1111","wimbledon",2022,"2:18:33",176,"Andy Murray","James Duckworth",106,1,1,1,"BC","CTL",7,2,31.63,30.478,1,0.928015564202335,"murray a.","duckworth j.",1518.14848905823,1500,8313
"2022-wimbledon-1111","wimbledon",2022,"2:19:21",177,"Andy Murray","James Duckworth",96,2,1,1,"B","NCTL",5,2,19.831,22.683,0,0.840466926070039,"murray a.","duckworth j.",1518.14848905823,1500,8361
"2022-wimbledon-1111","wimbledon",2022,"2:20:09",178,"Andy Murray","James Duckworth",103,1,1,1,"W","CTL",1,2,0.922,1.176,1,0.901750972762646,"murray a.","duckworth j.",1518.14848905823,1500,8409
"2022-wimbledon-1111","wimbledon",2022,"2:20:47",179,"Andy Murray","James Duckworth",115,1,2,1,"W","NCTL",2,3,9.292,5.78,1,0.954136897902743,"murray a.","duckworth j.",1518.14848905823,1500,8447
"2022-wimbledon-1111","wimbledon",2022,"2:21:07",180,"Andy Murray","James Duckworth",114,2,2,2,"C","NCTL",9,3,29.025,24.001,1,0.945840055312284,"murray a.","duckworth j.",1518.14848905823,1500,8467
"2022-wimbledon-1111","wimbledon",2022,"2:21:53",181,"Andy Murray","James Duckworth",127,1,2,1,"C","CTL",2,3,7.785,5.157,1,1.05369900898825,"murray a.","duckworth j.",1518.14848905823,1500,8513
"2022-wimbledon-1111","wimbledon",2022,"2:22:16",182,"Andy Murray","James Duckworth",120,1,2,2,"BC","NCTL",3,3,10.906,11.311,0,0.995621110855036,"murray a.","duckworth j.",1518.14848905823,1500,8536
"2022-wimbledon-1111","wimbledon",2022,"2:22:41",183,"Andy Murray","James Duckworth",118,1,2,2,"W","CTL",1,3,11.649,8.899,0,0.979027425674118,"murray a.","duckworth j.",1518.14848905823,1500,8561
"2022-wimbledon-1111","wimbledon",2022,"2:23:32",185,"Andy Murray","James Duckworth",129,1,2,2,"C","NCTL",3,3,9.538,8.295,0,1.07029269416916,"murray a.","duckworth j.",1518.14848905823,1500,8612
"2022-wimbledon-1111","wimbledon",2022,"2:24:30",186,"Andy Murray","James Duckworth",124,1,2,2,"W","NCTL",1,3,7.506,6.305,0,1.02880848121687,"murray a.","duckworth j.",1518.14848905823,1500,8670
"2022-wimbledon-1111","wimbledon",2022,"2:26:24",187,"Andy Murray","James Duckworth",89,2,1,2,"B","NCTL",2,4,3.783,4.147,1,0.779182879377432,"murray a.","duckworth j.",1518.14848905823,1500,8784
"2022-wimbledon-1111","wimbledon",2022,"2:27:04",188,"Andy Murray","James Duckworth",86,2,1,1,"BW","NCTL",3,4,10.14,9.092,0,0.752918287937743,"murray a.","duckworth j.",1518.14848905823,1500,8824
"2022-wimbledon-1111","wimbledon",2022,"2:27:45",189,"Andy Murray","James Duckworth",120,1,1,1,"C","NCTL",1,4,0.383,0.242,1,1.05058365758755,"murray a.","duckworth j.",1518.14848905823,1500,8865
"2022-wimbledon-1111","wimbledon",2022,"2:28:08",190,"Andy Murray","James Duckworth",119,1,1,1,"W","CTL",3,4,20.179,21.034,1,1.04182879377432,"murray a.","duckworth j.",1518.14848905823,1500,8888
"2022-wimbledon-1111","wimbledon",2022,"2:28:38",191,"Andy Murray","James Duckworth",121,1,1,1,"C","CTL",1,4,0.923,0.456,1,1.05933852140078,"murray a.","duckworth j.",1518.14848905823,1500,8918
"2022-wimbledon-1111","wimbledon",2022,"2:29:10",192,"Andy Murray","James Duckworth",116,1,2,2,"W","NCTL",9,5,45.807,32.774,0,0.962433740493201,"murray a.","duckworth j.",1518.14848905823,1500,8950
"2022-wimbledon-1111","wimbledon",2022,"2:30:10",193,"Andy Murray","James Duckworth",118,1,2,2,"W","CTL",1,5,0.717,0.618,0,0.979027425674118,"murray a.","duckworth j.",1518.14848905823,1500,9010
"2022-wimbledon-1111","wimbledon",2022,"2:30:29",194,"Andy Murray","James Duckworth",120,1,2,2,"B","NCTL",7,5,26.813,21.937,0,0.995621110855036,"murray a.","duckworth j.",1518.14848905823,1500,9029
"2022-wimbledon-1111","wimbledon",2022,"2:30:59",195,"Andy Murray","James Duckworth",118,1,2,1,"BC","NCTL",4,5,14.204,15.517,1,0.979027425674118,"murray a.","duckworth j.",1518.14848905823,1500,9059
"2022-wimbledon-1111","wimbledon",2022,"2:31:28",196,"Andy Murray","James Duckworth",104,2,2,1,"BW","NCTL",4,5,15.123,10.084,0,0.862871629407698,"murray a.","duckworth j.",1518.14848905823,1500,9088
"2022-wimbledon-1111","wimbledon",2022,"2:32:03",197,"Andy Murray","James Duckworth",120,1,2,2,"W","NCTL",1,5,4.915,3.272,0,0.995621110855036,"murray a.","duckworth j.",1518.14848905823,1500,9123
"2022-wimbledon-1111","wimbledon",2022,"2:34:03",198,"Andy Murray","James Duckworth",118,1,1,1,"BC","NCTL",11,6,41.869,45.006,1,1.03307392996109,"murray a.","duckworth j.",1518.14848905823,1500,9243
"2022-wimbledon-1111","wimbledon",2022,"2:34:50",199,"Andy Murray","James Duckworth",123,1,1,1,"BW","CTL",1,6,4.266,3.77,1,1.07684824902724,"murray a.","duckworth j.",1518.14848905823,1500,9290
"2022-wimbledon-1111","wimbledon",2022,"2:35:57",201,"Andy Murray","James Duckworth",84,2,1,1,"W","CTL",1,6,3.549,3.823,0,0.735408560311284,"murray a.","duckworth j.",1518.14848905823,1500,9357
"2022-wimbledon-1111","wimbledon",2022,"2:36:34",202,"Andy Murray","James Duckworth",123,1,1,1,"C","NCTL",1,6,1.38,1.302,1,1.07684824902724,"murray a.","duckworth j.",1518.14848905823,1500,9394
"2022-wimbledon-1111","wimbledon",2022,"2:37:03",203,"Andy Murray","James Duckworth",110,1,2,2,"W","CTL",1,7,4.399,2.627,0,0.912652684950449,"murray a.","duckworth j.",1518.14848905823,1500,9423
"2022-wimbledon-1111","wimbledon",2022,"2:37:23",204,"Andy Murray","James Duckworth",119,1,2,1,"C","NCTL",2,7,6.746,6.184,1,0.987324268264577,"murray a.","duckworth j.",1518.14848905823,1500,9443
"2022-wimbledon-1111","wimbledon",2022,"2:37:59",205,"Andy Murray","James Duckworth",112,1,2,2,"W","CTL",3,7,8.948,4.765,0,0.929246370131367,"murray a.","duckworth j.",1518.14848905823,1500,9479
"2022-wimbledon-1111","wimbledon",2022,"2:38:19",206,"Andy Murray","James Duckworth",133,1,2,2,"BW","CTL",3,7,14.102,7.609,0,1.103480064531,"murray a.","duckworth j.",1518.14848905823,1500,9499
"2022-wimbledon-1111","wimbledon",2022,"2:38:47",207,"Andy Murray","James Duckworth",94,2,2,2,"BC","CTL",7,7,37.056,30.261,1,0.779903203503111,"murray a.","duckworth j.",1518.14848905823,1500,9527
"2022-wimbledon-1111","wimbledon",2022,"2:40:56",208,"Andy Murray","James Duckworth",90,2,1,1,"BC","NCTL",1,8,3.779,3.105,0,0.787937743190661,"murray a.","duckworth j.",1518.14848905823,1500,9656
"2022-wimbledon-1111","wimbledon",2022,"2:41:35",209,"Andy Murray","James Duckworth",113,1,1,1,"C","NCTL",11,8,49.491,52.732,1,0.989299610894942,"murray a.","duckworth j.",1518.14848905823,1500,9695
"2022-wimbledon-1111","wimbledon",2022,"2:42:20",210,"Andy Murray","James Duckworth",121,1,1,1,"C","CTL",1,8,0.699,0.691,1,1.05933852140078,"murray a.","duckworth j.",1518.14848905823,1500,9740
"2022-wimbledon-1111","wimbledon",2022,"2:42:49",211,"Andy Murray","James Duckworth",111,1,1,1,"C","NCTL",1,8,1.774,1.595,1,0.971789883268482,"murray a.","duckworth j.",1518.14848905823,1500,9769
"2022-wimbledon-1111","wimbledon",2022,"2:43:37",212,"Andy Murray","James Duckworth",109,2,2,1,"B","NCTL",4,9,15.107,12.733,0,0.904355842359991,"murray a.","duckworth j.",1518.14848905823,1500,9817
"2022-wimbledon-1111","wimbledon",2022,"2:44:13",213,"Andy Murray","James Duckworth",124,1,2,2,"C","CTL",1,9,6.172,3.821,0,1.02880848121687,"murray a.","duckworth j.",1518.14848905823,1500,9853
"2022-wimbledon-1111","wimbledon",2022,"2:44:40",214,"Andy Murray","James Duckworth",106,2,2,1,"W","CTL",6,9,24.481,19.207,0,0.879465314588615,"murray a.","duckworth j.",1518.14848905823,1500,9880
"2022-wimbledon-1111","wimbledon",2022,"2:45:54",216,"Andy Murray","James Duckworth",115,1,2,2,"W","CTL",3,9,18.928,16.725,0,0.954136897902743,"murray a.","duckworth j.",1518.14848905823,1500,9954
"2022-wimbledon-1111","wimbledon",2022,"2:48:08",218,"Andy Murray","James Duckworth",120,1,1,1,"C","NCTL",5,10,24.311,22.942,1,1.05058365758755,"murray a.","duckworth j.",1518.14848905823,1500,10088
"2022-wimbledon-1111","wimbledon",2022,"2:48:39",219,"Andy Murray","James Duckworth",86,2,1,2,"","",4,10,0,0,1,0.752918287937743,"murray a.","duckworth j.",1518.14848905823,1500,10119
"2022-wimbledon-1111","wimbledon",2022,"2:49:34",220,"Andy Murray","James Duckworth",105,1,1,1,"W","NCTL",5,10,20.068,20.954,1,0.919260700389105,"murray a.","duckworth j.",1518.14848905823,1500,10174
"2022-wimbledon-1111","wimbledon",2022,"2:50:17",221,"Andy Murray","James Duckworth",118,1,1,1,"BC","CTL",1,10,4.036,3.433,1,1.03307392996109,"murray a.","duckworth j.",1518.14848905823,1500,10217
"2022-wimbledon-1111","wimbledon",2022,"2:50:54",222,"Andy Murray","James Duckworth",96,2,1,1,"BC","CTL",1,10,12.215,14.12,0,0.840466926070039,"murray a.","duckworth j.",1518.14848905823,1500,10254
"2022-wimbledon-1125","wimbledon",2022,"0:00:00",1,"Cameron Norrie","Pablo Andujar",87,2,1,1,"B","NCTL",1,1,6.99,8.668,0,0.775343483104345,"norrie c.","andujar p.",1590.65668893868,1500,0
"2022-wimbledon-1125","wimbledon",2022,"0:00:27",2,"Cameron Norrie","Pablo Andujar",87,2,1,2,"BC","NCTL",2,1,13.281,10.891,1,0.775343483104345,"norrie c.","andujar p.",1590.65668893868,1500,27
"2022-wimbledon-1125","wimbledon",2022,"0:01:01",3,"Cameron Norrie","Pablo Andujar",118,1,1,1,"C","NCTL",1,1,0.882,0.539,1,1.05161529892313,"norrie c.","andujar p.",1590.65668893868,1500,61
"2022-wimbledon-1125","wimbledon",2022,"0:01:18",4,"Cameron Norrie","Pablo Andujar",114,1,1,2,"BC","NCTL",8,1,32.785,30.687,0,1.01596732268845,"norrie c.","andujar p.",1590.65668893868,1500,78
"2022-wimbledon-1125","wimbledon",2022,"0:02:15",5,"Cameron Norrie","Pablo Andujar",110,1,1,1,"C","NCTL",5,1,14.931,19.759,1,0.980319346453769,"norrie c.","andujar p.",1590.65668893868,1500,135
"2022-wimbledon-1125","wimbledon",2022,"0:02:41",6,"Cameron Norrie","Pablo Andujar",88,2,1,1,"BC","NCTL",1,1,4.139,4.773,0,0.784255477163015,"norrie c.","andujar p.",1590.65668893868,1500,161
"2022-wimbledon-1125","wimbledon",2022,"0:04:09",7,"Cameron Norrie","Pablo Andujar",106,1,2,2,"C","CTL",5,2,19.239,14.064,0,0.957746478873239,"norrie c.","andujar p.",1590.65668893868,1500,249
"2022-wimbledon-1125","wimbledon",2022,"0:04:40",8,"Cameron Norrie","Pablo Andujar",117,1,2,2,"BC","CTL",7,2,32.479,24.635,0,1.05713526441669,"norrie c.","andujar p.",1590.65668893868,1500,280
"2022-wimbledon-1125","wimbledon",2022,"0:06:04",10,"Cameron Norrie","Pablo Andujar",107,1,2,2,"W","CTL",3,2,15.433,10.005,0,0.966781823013553,"norrie c.","andujar p.",1590.65668893868,1500,364
"2022-wimbledon-1125","wimbledon",2022,"0:07:12",12,"Cameron Norrie","Pablo Andujar",109,1,2,1,"C","NCTL",2,2,10.043,7.798,1,0.98485251129418,"norrie c.","andujar p.",1590.65668893868,1500,432
"2022-wimbledon-1125","wimbledon",2022,"0:07:38",13,"Cameron Norrie","Pablo Andujar",115,1,2,1,"C","NCTL",8,2,22.303,26.011,1,1.03906457613606,"norrie c.","andujar p.",1590.65668893868,1500,458
"2022-wimbledon-1125","wimbledon",2022,"0:08:21",14,"Cameron Norrie","Pablo Andujar",89,2,2,1,"C","NCTL",18,2,55.869,60.445,0,0.804145628487909,"norrie c.","andujar p.",1590.65668893868,1500,501
"2022-wimbledon-1125","wimbledon",2022,"0:09:21",15,"Cameron Norrie","Pablo Andujar",87,2,1,1,"C","NCTL",5,3,22.127,16.512,0,0.775343483104345,"norrie c.","andujar p.",1590.65668893868,1500,561
"2022-wimbledon-1125","wimbledon",2022,"0:09:56",16,"Cameron Norrie","Pablo Andujar",106,1,1,1,"BW","NCTL",3,3,4.549,9.569,1,0.944671370219087,"norrie c.","andujar p.",1590.65668893868,1500,596
"2022-wimbledon-1125","wimbledon",2022,"0:10:22",17,"Cameron Norrie","Pablo Andujar",87,2,1,1,"B","NCTL",5,3,23.159,20.843,0,0.775343483104345,"norrie c.","andujar p.",1590.65668893868,1500,622
"2022-wimbledon-1125","wimbledon",2022,"0:10:59",18,"Cameron Norrie","Pablo Andujar",89,2,1,1,"B","NCTL",3,3,5.048,7.228,0,0.793167471221686,"norrie c.","andujar p.",1590.65668893868,1500,659
"2022-wimbledon-1125","wimbledon",2022,"0:12:58",19,"Cameron Norrie","Pablo Andujar",112,1,2,1,"BC","CTL",2,4,8.347,7.712,1,1.01195854371512,"norrie c.","andujar p.",1590.65668893868,1500,778
"2022-wimbledon-1125","wimbledon",2022,"0:13:21",20,"Cameron Norrie","Pablo Andujar",112,1,2,2,"BC","NCTL",3,4,14.053,13.622,0,1.01195854371512,"norrie c.","andujar p.",1590.65668893868,1500,801
"2022-wimbledon-1125","wimbledon",2022,"0:13:47",21,"Cameron Norrie","Pablo Andujar",116,1,2,2,"C","NCTL",3,4,17.46,13.189,0,1.04809992027638,"norrie c.","andujar p.",1590.65668893868,1500,827
"2022-wimbledon-1125","wimbledon",2022,"0:14:14",22,"Cameron Norrie","Pablo Andujar",115,1,2,1,"BC","NCTL",2,4,5.478,4.797,1,1.03906457613606,"norrie c.","andujar p.",1590.65668893868,1500,854
"2022-wimbledon-1125","wimbledon",2022,"0:14:39",23,"Cameron Norrie","Pablo Andujar",112,1,2,1,"BC","NCTL",4,4,17.876,16.739,1,1.01195854371512,"norrie c.","andujar p.",1590.65668893868,1500,879
"2022-wimbledon-1125","wimbledon",2022,"0:15:09",24,"Cameron Norrie","Pablo Andujar",111,1,2,1,"C","NCTL",6,4,27.763,22.344,1,1.00292319957481,"norrie c.","andujar p.",1590.65668893868,1500,909
"2022-wimbledon-1125","wimbledon",2022,"0:15:47",25,"Cameron Norrie","Pablo Andujar",117,1,1,1,"W","CTL",1,5,3.165,4.186,1,1.04270330486446,"norrie c.","andujar p.",1590.65668893868,1500,947
"2022-wimbledon-1125","wimbledon",2022,"0:16:03",26,"Cameron Norrie","Pablo Andujar",102,1,1,1,"W","CTL",3,5,13.433,9.659,1,0.909023393984404,"norrie c.","andujar p.",1590.65668893868,1500,963
"2022-wimbledon-1125","wimbledon",2022,"0:16:24",27,"Cameron Norrie","Pablo Andujar",87,2,1,2,"B","NCTL",12,5,29.384,30.756,1,0.775343483104345,"norrie c.","andujar p.",1590.65668893868,1500,984
"2022-wimbledon-1125","wimbledon",2022,"0:17:10",28,"Cameron Norrie","Pablo Andujar",105,1,1,1,"W","CTL",3,5,6.764,9.267,1,0.935759376160416,"norrie c.","andujar p.",1590.65668893868,1500,1030
"2022-wimbledon-1125","wimbledon",2022,"0:17:28",29,"Cameron Norrie","Pablo Andujar",120,1,1,1,"C","NCTL",1,5,0.702,0.694,1,1.06943928704048,"norrie c.","andujar p.",1590.65668893868,1500,1048
"2022-wimbledon-1125","wimbledon",2022,"0:19:43",31,"Cameron Norrie","Pablo Andujar",110,1,2,2,"BC","NCTL",3,6,6.862,5.525,0,0.993887855434494,"norrie c.","andujar p.",1590.65668893868,1500,1183
"2022-wimbledon-1125","wimbledon",2022,"0:20:05",32,"Cameron Norrie","Pablo Andujar",92,2,2,1,"B","NCTL",4,6,16.635,17.373,0,0.831251660908849,"norrie c.","andujar p.",1590.65668893868,1500,1205
"2022-wimbledon-1125","wimbledon",2022,"0:20:45",33,"Cameron Norrie","Pablo Andujar",107,1,2,1,"BW","NCTL",2,6,10.085,6.139,1,0.966781823013553,"norrie c.","andujar p.",1590.65668893868,1500,1245
"2022-wimbledon-1125","wimbledon",2022,"0:21:12",34,"Cameron Norrie","Pablo Andujar",105,1,2,2,"W","NCTL",1,6,6.418,7.308,0,0.948711134732926,"norrie c.","andujar p.",1590.65668893868,1500,1272
"2022-wimbledon-1125","wimbledon",2022,"0:21:35",35,"Cameron Norrie","Pablo Andujar",104,1,2,2,"W","CTL",5,6,27.404,18.032,0,0.939675790592612,"norrie c.","andujar p.",1590.65668893868,1500,1295
"2022-wimbledon-1125","wimbledon",2022,"0:22:55",37,"Cameron Norrie","Pablo Andujar",109,1,2,1,"BC","NCTL",2,6,12.824,8.665,1,0.98485251129418,"norrie c.","andujar p.",1590.65668893868,1500,1375
"2022-wimbledon-1125","wimbledon",2022,"0:24:58",38,"Cameron Norrie","Pablo Andujar",80,2,1,2,"C","NCTL",2,1,8.559,10.965,1,0.71295952469365,"norrie c.","andujar p.",1590.65668893868,1500,1498
"2022-wimbledon-1125","wimbledon",2022,"0:25:29",39,"Cameron Norrie","Pablo Andujar",95,2,1,1,"BC","NCTL",3,1,10.186,11.376,0,0.84663943557371,"norrie c.","andujar p.",1590.65668893868,1500,1529
"2022-wimbledon-1125","wimbledon",2022,"0:26:04",40,"Cameron Norrie","Pablo Andujar",92,2,1,2,"BW","NCTL",8,1,27.524,28.318,1,0.819903453397698,"norrie c.","andujar p.",1590.65668893868,1500,1564
"2022-wimbledon-1125","wimbledon",2022,"0:26:52",41,"Cameron Norrie","Pablo Andujar",102,1,1,1,"W","CTL",1,1,1.005,1.101,1,0.909023393984404,"norrie c.","andujar p.",1590.65668893868,1500,1612
"2022-wimbledon-1125","wimbledon",2022,"0:27:10",42,"Cameron Norrie","Pablo Andujar",117,1,1,2,"BW","NCTL",12,1,37.686,41.405,0,1.04270330486446,"norrie c.","andujar p.",1590.65668893868,1500,1630
"2022-wimbledon-1125","wimbledon",2022,"0:27:59",43,"Cameron Norrie","Pablo Andujar",107,1,1,2,"BW","CTL",4,1,11.489,12.88,0,0.953583364277757,"norrie c.","andujar p.",1590.65668893868,1500,1679
"2022-wimbledon-1125","wimbledon",2022,"2:10:03",44,"Cameron Norrie","Pablo Andujar",109,1,2,2,"BC","NCTL",1,2,4.203,6.43,0,0.98485251129418,"norrie c.","andujar p.",1590.65668893868,1500,7803
"2022-wimbledon-1125","wimbledon",2022,"2:10:20",45,"Cameron Norrie","Pablo Andujar",92,2,2,2,"BC","NCTL",1,2,7.643,6.852,1,0.831251660908849,"norrie c.","andujar p.",1590.65668893868,1500,7820
"2022-wimbledon-1125","wimbledon",2022,"2:10:51",46,"Cameron Norrie","Pablo Andujar",114,1,2,2,"C","NCTL",3,2,6.426,4.674,0,1.03002923199575,"norrie c.","andujar p.",1590.65668893868,1500,7851
"2022-wimbledon-1125","wimbledon",2022,"2:11:15",47,"Cameron Norrie","Pablo Andujar",118,1,2,2,"W","CTL",1,2,19.262,13.534,0,1.066170608557,"norrie c.","andujar p.",1590.65668893868,1500,7875
"2022-wimbledon-1125","wimbledon",2022,"2:12:19",48,"Cameron Norrie","Pablo Andujar",117,1,1,1,"C","CTL",1,3,0.961,1.31,1,1.04270330486446,"norrie c.","andujar p.",1590.65668893868,1500,7939
"2022-wimbledon-1125","wimbledon",2022,"2:12:33",49,"Cameron Norrie","Pablo Andujar",117,1,1,1,"C","NCTL",1,3,0.768,0.646,1,1.04270330486446,"norrie c.","andujar p.",1590.65668893868,1500,7953
"2022-wimbledon-1125","wimbledon",2022,"2:12:46",50,"Cameron Norrie","Pablo Andujar",122,1,1,1,"C","NCTL",1,3,3.368,4.752,1,1.08726327515782,"norrie c.","andujar p.",1590.65668893868,1500,7966
"2022-wimbledon-1125","wimbledon",2022,"2:13:01",51,"Cameron Norrie","Pablo Andujar",114,1,1,1,"C","NCTL",3,3,8.995,11.696,1,1.01596732268845,"norrie c.","andujar p.",1590.65668893868,1500,7981
"2022-wimbledon-1125","wimbledon",2022,"2:14:59",52,"Cameron Norrie","Pablo Andujar",110,1,2,1,"W","NCTL",4,4,16.648,11.911,1,0.993887855434494,"norrie c.","andujar p.",1590.65668893868,1500,8099
"2022-wimbledon-1125","wimbledon",2022,"2:15:26",53,"Cameron Norrie","Pablo Andujar",108,1,2,2,"BC","NCTL",5,4,15.999,11.73,0,0.975817167153867,"norrie c.","andujar p.",1590.65668893868,1500,8126
"2022-wimbledon-1125","wimbledon",2022,"2:15:57",54,"Cameron Norrie","Pablo Andujar",95,2,2,1,"BW","NCTL",4,4,12.084,12.301,0,0.85835769332979,"norrie c.","andujar p.",1590.65668893868,1500,8157
"2022-wimbledon-1125","wimbledon",2022,"2:16:33",55,"Cameron Norrie","Pablo Andujar",109,1,2,2,"BW","NCTL",9,4,27.99,25.92,0,0.98485251129418,"norrie c.","andujar p.",1590.65668893868,1500,8193
"2022-wimbledon-1125","wimbledon",2022,"2:17:23",56,"Cameron Norrie","Pablo Andujar",104,1,2,2,"BW","NCTL",19,4,83.552,72.959,0,0.939675790592612,"norrie c.","andujar p.",1590.65668893868,1500,8243
"2022-wimbledon-1125","wimbledon",2022,"2:19:04",58,"Cameron Norrie","Pablo Andujar",97,2,2,1,"B","NCTL",2,4,9.925,10.235,0,0.876428381610417,"norrie c.","andujar p.",1590.65668893868,1500,8344
"2022-wimbledon-1125","wimbledon",2022,"2:19:42",59,"Cameron Norrie","Pablo Andujar",95,2,2,1,"C","NCTL",12,4,49.316,45.351,0,0.85835769332979,"norrie c.","andujar p.",1590.65668893868,1500,8382
"2022-wimbledon-1125","wimbledon",2022,"2:20:37",60,"Cameron Norrie","Pablo Andujar",90,2,1,1,"BW","NCTL",7,5,25.954,24.405,0,0.802079465280357,"norrie c.","andujar p.",1590.65668893868,1500,8437
"2022-wimbledon-1125","wimbledon",2022,"2:21:22",61,"Cameron Norrie","Pablo Andujar",111,1,1,2,"BW","NCTL",4,5,14.181,12.041,0,0.98923134051244,"norrie c.","andujar p.",1590.65668893868,1500,8482
"2022-wimbledon-1125","wimbledon",2022,"2:21:46",62,"Cameron Norrie","Pablo Andujar",113,1,1,1,"BW","NCTL",7,5,15.204,21.823,1,1.00705532862978,"norrie c.","andujar p.",1590.65668893868,1500,8506
"2022-wimbledon-1125","wimbledon",2022,"2:22:13",63,"Cameron Norrie","Pablo Andujar",102,1,1,2,"W","CTL",2,5,5.852,11.09,0,0.909023393984404,"norrie c.","andujar p.",1590.65668893868,1500,8533
"2022-wimbledon-1125","wimbledon",2022,"2:22:57",64,"Cameron Norrie","Pablo Andujar",117,1,1,1,"C","NCTL",1,5,16.221,20.825,1,1.04270330486446,"norrie c.","andujar p.",1590.65668893868,1500,8577
